3016 4628
241 271 334 311 436

228 372 360 416 facile
384 367 668 414 excusaveris
683 400 696 426 ,
721 366 758 410 si
781 380 944 410 verum
975 373 1066 422 est,
1098 363 1228 423 quod
1252 377 1359 406 sane
1388 363 1515 406 veri-

227 444 512 488 simillimum
536 449 628 496 est,
650 441 804 498 ipsum
826 439 1049 483 Berosum
1073 436 1256 494 Sibyllae
1274 436 1402 478 istius
1426 435 1519 479 Be-

233 518 424 562 rosianae
449 516 498 558 in
518 513 734 559 Historiis
763 512 853 555 suis
882 510 1157 554 meminisse.
1183 510 1297 553 Nam
1327 522 1428 565 quae
1465 521 1520 548 ex

233 589 406 648 Sibylla
423 594 583 631 narrat
613 582 878 630 Alexander
897 582 1160 640 Polyhistor
1186 579 1243 623 de
1266 580 1403 623 turris
1428 578 1519 622 ssa-

227 662 455 720 bylonicae
473 656 669 703 aedificio
684 657 761 700 vix
781 654 968 699 aliunde
987 669 1128 712 quam
1146 667 1201 696 ex
1220 652 1375 695 Nostri
1395 650 1524 692 libris

228 734 370 793 petita
391 732 579 776 fuerint.
607 730 756 773 Etiam
782 729 831 771 in
856 726 1140 785 astrologicis
1156 725 1285 766 libris
1301 725 1522 766 Berosum

232 804 416 864 Sibyllae
442 803 714 848 testimoniis
739 814 874 845 usum
898 813 991 842 esse
1019 797 1246 855 suspicor.

299 879 512 923 Historiae
549 876 734 930 Berosi,
762 888 863 932 quae
898 869 1042 914 modo
1077 867 1339 916 Χαλδαϊκῶν
1378 865 1524 909 modo

235 947 583 996 Βαὸυλωνιακῶν
595 948 787 991 nomine
800 943 1063 997 laudantur,
1085 941 1232 984 tribus
1248 939 1378 982 libris
1396 946 1527 981 erant

232 1022 593 1083 comprehensae.
629 1021 904 1078 Fragmenta
935 1015 1040 1059 satis
1066 1013 1218 1071 ampla
1239 1027 1336 1070 prae
1365 1010 1527 1053 ceteris

233 1103 475 1141 servarunt
494 1095 519 1138 J
524 1093 722 1151 osephus
734 1125 745 1146 ,
766 1090 976 1134 Clemens
993 1084 1336 1131 Alexandrinus
1352 1117 1363 1138 ,
1383 1084 1528 1126 Euse-

239 1170 365 1229 bius²
394 1166 649 1227 Syncellus.
679 1165 890 1220 Quorum
925 1168 1080 1202 tamen
1102 1173 1161 1202 ne
1183 1172 1304 1199 unus
1338 1155 1528 1213 quidem

235 1243 356 1302 ipsos
374 1240 533 1285 Berosi
551 1238 694 1282 libros
713 1234 957 1292 inspexisse
973 1230 1178 1274 videtur.
1207 1229 1451 1287 Syncellus
1472 1242 1529 1272 ex

234 1313 452 1367 Eusebio,
467 1311 538 1354 vel
551 1309 684 1353 sicuti
696 1306 933 1359 Eusebius,
948 1318 1026 1347 sua
1038 1302 1190 1346 hausit
1209 1316 1264 1344 ex
1279 1300 1524 1344 Africano·
1514 1333 1526 1354 ‚

236 1386 480 1431 Africanus
499 1398 555 1427 ex
576 1378 843 1426 Alexandro
871 1377 983 1434 Poly
973 1376 1184 1428 histore,
1203 1374 1282 1417 hic
1306 1388 1362 1417 ex
1383 1372 1528 1432 Apol—

237 1458 410 1503 lodoro
432 1457 501 1516 (v.
519 1455 574 1500 fr.
597 1452 639 1499 5.
659 1448 738 1512 6),
753 1460 806 1495 ut
824 1449 1027 1493 videtur.
1044 1447 1226 1491 Eodem
1240 1447 1532 1505 polyhistore

236 1548 343 1576 usus
361 1530 500 1575 fuerit
515 1529 540 1571 J
545 1527 740 1586 osephus
752 1559 763 1580 ,
786 1524 868 1568 etsi
885 1522 1172 1566 mentionem
1191 1519 1331 1564 sontis
1344 1519 1533 1577 injicere

239 1604 411 1648 omisit.
453 1603 660 1646 Clemens
697 1594 1036 1642 Alexandrinus
1073 1594 1135 1638 ob
1175 1593 1338 1639 oculos
1371 1592 1537 1636 habuit

239 1676 409 1721 Jubam
431 1672 757 1719 Mauritaniam
773 1703 784 1725 ,
813 1668 894 1727 qui
917 1667 1077 1711 Berosi
1106 1666 1254 1710 libros
1274 1666 1323 1709 in
1343 1665 1536 1725 Assyriis

241 1751 335 1794 suis
379 1747 580 1791 historiis
626 1741 904 1801 excerpsisse
942 1739 1147 1783 videtur.
1199 1738 1350 1798 Igitur
1391 1753 1535 1797 quum

247 1836 335 1881 per
349 1829 418 1864 tot
436 1833 598 1862 manus
608 1814 908 1875 migraverint
921 1826 1025 1870 quae
1042 1811 1102 1855 ad
1116 1826 1202 1854 nos
1217 1809 1540 1870 perdurarunt

244 1893 523 1954 fragmenta,
548 1888 674 1933 haud
698 1885 940 1931 miraberis
959 1885 1098 1928 variis
1117 1883 1270 1928 modis
1284 1883 1429 1927 verba
1447 1884 1538 1927 Be-

245 1968 337 2011 rosi
377 1964 632 2010 deformata
681 1975 799 2018 esse,
843 1957 1198 2016 cavendumque
1242 1971 1302 2001 ne
1354 1958 1532 2000 Beroso

245 2041 523 2098 imputemus
558 2050 660 2094 quae
695 2041 800 2077 sunt
842 2030 1119 2091 imputanda
1165 2031 1537 2089 excerptoribuS.

246 2112 463 2156 Ceterum
492 2109 549 2152 de
580 2108 732 2166 pretio
764 2114 903 2163 atque
938 2103 1215 2147 auctoritate
1239 2118 1408 2146 eorum
1438 2118 1540 2161 quae

248 2199 304 2228 ex
326 2182 485 2226 Berosi
509 2181 723 2226 Historiis
749 2177 1013 2232 traduntur,
1044 2190 1191 2235 quum
1223 2176 1454 2220 unanimis
1487 2176 1545 2219 sit

250 2257 456 2317 virorum
481 2254 731 2297 doctorum
751 2265 1023 2307 consensus,
1046 2249 1261 2309 pluribus
1286 2248 1345 2293 de
1363 2249 1435 2293 his
1459 2248 1546 2293 dis-

248 2338 412 2388 putare
431 2325 728 2387 supersedeo.

256 2470 454 2519 Berosus)
481 2468 627 2509 Justini
654 2467 786 2508 verbis
808 2467 993 2516 innitens,
1030 2466 1222 2506 Historias
1257 2466 1496 2517 Babylonias
1525 2477 1548 2506 a

251 2530 405 2570 serioris
421 2528 497 2568 aevi
512 2528 739 2567 hominibus
758 2526 995 2576 quibusdam
1013 2525 1275 2575 compositas,
1292 2525 1419 2575 iisque
1442 2525 1548 2565 cele-

253 2588 411 2627 bratum
429 2588 549 2625 istum
568 2586 700 2626 Berosi
712 2616 722 2632 ‚
741 2583 960 2624 sacerdotis
985 2582 1274 2633 antiquissimi,
1292 2593 1440 2622 nomen
1463 2593 1550 2622 esse

254 2645 477 2698 praefixum.
496 2647 624 2691 Quam
641 2644 877 2684 sententiam
901 2651 1124 2682 memorare
1147 2643 1207 2681 est
1234 2641 1428 2681 refellere.
1448 2640 1551 2681 Vide

255 2704 427 2744 Richter.
447 2703 475 2743 l.
494 2703 520 2742 L
542 2714 581 2753 p.
606 2707 664 2742 11.

770 2851 1040 2870 ⁴000——

446 3127 547 3174 ,DE
584 3127 782 3195 REBUS
813 3128 1344 3176 BABYLONIORUM.

658 3227 696 3274 E
732 3227 917 3276 LlBRO
953 3228 1170 3277 PRIMO.

320 3375 523 3416 Eusebius.
542 3379 650 3415 Arm.
673 3377 819 3417 Chron.
844 3390 880 3428 p.
897 3311 1004 3418 bed.
1027 3379 1117 3419 Mai.
1140 3396 1150 3419 ε

324 3442 383 3479 De
407 3438 642 3478 Chaldaica
663 3442 930 3490 improbabili
952 3442 1149 3484 historia.
1174 3445 1245 3483 Ex
1276 3441 1420 3483 eodem
1438 3444 1565 3494 Poly-

275 3502 722 3606 hiszorlebAleoeandm’
757 3505 808 3544 de
833 3506 1038 3555 proedicto
1060 3506 1141 3558 (se.
1158 3496 1312 3558 primo)
1343 3507 1566 3548 Chaldaeo-

275 3578 375 3607 rum
417 3578 431 3606 z
461 3576 520 3605 ro,

319 3636 365 3669 »1.
395 3632 623 3670 Enimvero
650 3632 831 3670 Berosus
858 3636 1017 3672 narrat
1043 3636 1088 3673 in
1116 3637 1263 3685 primo
1286 3635 1567 3685 Babylonica-

277 3706 375 3735 rum
392 3705 536 3734 rerum
553 3694 683 3739 libro,
703 3705 745 3733 se
763 3699 1022 3737 cooetaneum
1033 3698 1172 3747 fuisse
1199 3700 1447 3740 Alexandro
1465 3700 1568 3741 Phi·

279 3760 384 3811 lippi
414 3760 782 3810 compluriumque
814 3765 1041 3802 auctorum
1073 3764 1232 3804 codices
1271 3768 1569 3816 exscripsisse,

280 3837 355 3885 qui
376 3844 535 3883 maqna
562 3843 670 3872 cura
692 3832 905 3882 Babylone
921 3834 1267 3876 adservabantur
1279 3838 1377 3886 jam
1397 3837 1495 3878 inde
1515 3838 1569 3878 ab

278 3909 493 3939 annorum
508 3896 774 3947 myriadibus
797 3897 988 3937 ducentis
1010 3902 1051 3938 et
1069 3901 1312 3950 quindecim
1333 3903 1450 3951 (vide
1469 3906 1565 3954 Syn-

280 3963 397 4012 eell.)
417 3977 427 4001 ε
447 3962 601 4013 quibus
625 3960 833 4000 codicibus
865 3963 1194 4003 continebantur
1210 3968 1400 4006 rationes
1420 3970 1573 4017 tempo·

281 4036 406 4070 rum,
429 4024 661 4076 itidemque
682 4026 855 4074 scriploe
877 4027 1004 4063 erant
1025 4025 1215 4065 historice
1235 4029 1331 4067 caeli
1351 4032 1574 4081 ⁴terraeque

280 4092 322 4128 el
353 4091 516 4133 maris,
541 4089 781 4139 primaeque
807 4098 955 4127 rerum
982 4091 1183 4138 oriqinis,
1210 4100 1283 4129 nec
1319 4102 1401 4130 non
1429 4104 1575 4144 remim

279 4151 613 4203 facinorumque
630 4151 684 4190 ab
702 4150 766 4190 his
785 4153 1073 4200 patratorum.

340 4221 375 4255 2.
400 4219 457 4256 Et
475 4218 664 4266 primum
697 4214 868 4265 quidem
890 4215 995 4253 dicit
1017 4216 1226 4264 reqionem
1248 4217 1577 4266 Babyloniorum

285 4282 416 4319 sitam
439 4291 524 4319 esse
551 4279 610 4319 ad
638 4290 805 4320 amnem
830 4279 1137 4330 Deqlalhium:
1166 4283 1408 4321 Arazanem
1435 4266 1617 4324 autem¹

1294 251 1512 300 BERosi
1549 249 1845 310 CHALDAEI

1788 332 2231 414 ΒΑΒΥΛῺΝΙΑΚΑ
2258 366 2352 409 sive
2370 352 2712 413 XAAAAlKA.

2001 476 2038 518 E
2073 474 2260 520 Lumo
2294 475 2501 519 PRIMO.

2231 597 2273 625 1.

1666 668 1864 728 Syncell.
1883 683 1934 754 Ρ
1954 666 2032 723 28,
2052 665 2118 714 Β·
2139 664 2237 729 (Ἐκ
2255 684 2330 712 του
2348 663 2621 730 Ἀλεξάνδρου
2641 668 2716 713 τοῦ
2738 657 2910 715 Πολυΐ-
2925 659 2929 663 ’

1602 757 1748 801 στορος
1764 775 1776 798 ,
1797 740 1896 800 περὶ
1916 756 1999 783 των
2022 735 2104 802 πρὸ
2125 756 2198 783 του
2220 739 2528 799 κατακλυσμοῦ
2551 737 2907 807 βασιλευσάντων
2966 763 2967 767 ¹

1603 811 1705 857 δέκα
1731 809 1941 874 βασιλέων
1967 813 2049 856 τῶν
2073 809 2305 861 Χαλδαίων
2326 809 2401 857 καὶ
2420 812 2553 856 αὐτοῦ
2577 829 2652 857 του
2679 810 2900 857 κατακλυ·
2967 862 2969 867 ,

1604 887 1739 945 σμοῧ,
1765 901 1839 929 και
1863 901 1962 947 περι
1994 901 2068 929 του
2096 885 2194 930 Νῶε
2222 901 2296 929 και
2325 884 2406 940 τῆς
2427 881 2654 943 κιὸωτοῦ,
2664 883 2708 929 ε”ν
2745 870 2814 935 οἷς
2829 880 2903 929 καί
2969 927 2971 940 ,

1602 972 1697 1000 τινα
1722 952 1791 1008 διὰ
1817 951 1949 1019 μέσου
1973 972 2019 1000 τε
2023 952 2194 1020 ρατῴδη
2217 953 2398 1019 φάσκει,
2424 957 2482 1008 ὡς
2503 956 2566 1018 τῶ
2589 942 2907 1019 Βηρώσσονγε·

1604 1025 1885 1092 γραμμένα).
2124 1044 2126 1048 ·

1671 1114 1702 1149 1.
1721 1098 1952 1163 Βήρωσσος
1972 1098 2016 1146 δὲ
2036 1099 2077 1145 ἐν
2094 1101 2147 1162 τῇ
2165 1096 2317 1164 πρώτῃ
2334 1099 2418 1145 τῶν
2436 1097 2785 1146 Βοιὸυλωνιακῶν
2802 1116 2923 1164 φησι
2973 1107 2975 1123 ³

1606 1172 1802 1236 γενέσθαι
1835 1169 1912 1234 μὲν
1948 1171 2076 1218 αὐτὸν
2116 1171 2230 1219 κατὰ
2265 1169 2539 1235 Ἀλέξανδρον
2573 1168 2646 1217 τὸν
2679 1171 2910 1219 Φιλίππου
2966 1197 2969 1211 -,

1607 1241 1684 1301 τὴν
1709 1243 1896 1301 ἡλικίαν.
1966 1243 2240 1310 Ἀναγραφὰς
2260 1242 2303 1290 δὲ
2321 1245 2532 1290 πολλῶν’
2513 1262 2555 1290 εν
2576 1242 2806 1292 Βαὸυλῶνι
2830 1261 2916 1311 <pu-

1607 1317 1845 1364 λάσσεσθαι
1873 1315 1983 1379 μετὰ
2004 1318 2171 1374 πολλῆς
2193 1315 2483 1375 ἓπιμελείας’
2459 1316 2544 1363 απὸ
2567 1317 2672 1363 ἐτῶν
2697 1327 2780 1366 που,
2804 1313 2926 1386 ὑπὲρ·
2970 1343 2979 1354 =

1611 1409 1830 1453 μυρῑαΟων
1851 1409 1886 1436 [ε
1918 1408 2204 1456 περιεχουσας
2221 1388 2397 1455 χρόνων
2416 1407 2632 1453 περιεχεῑν
2653 1386 2699 1436 83
2719 1386 2837 1444 τὰς,
2813 1407 2912 1435 αναθ

1609 1461 1778 1528 γραφας
1807 1461 2000 1527 ἱστορίας
2027 1481 2133 1526 περι
2171 1480 2244 1508 του
2279 1463 2457 1526 οὔρανου
2487 1479 2562 1508 και
2593 1459 2812 1520 θαλάσσης
2837 1458 2912 1509 καὶ
2938 1455 2941 1458 ‚
2973 1473 2982 1507 i

1610 1535 1900 1600 πρωτογονίας
1915 1534 1989 1582 καὶ
2009 1534 2221 1600 βασιλέων
2238 1533 2410 1581 καὶτῶν
2423 1551 2508 1580 κατ
2508 1532 2687 1588 ἀὐτους
2703 1532 2914 1600 πράξεων.
2932 1578 2935 1592 ς

1677 1624 1714 1654 2.
1746 1607 1836 1655 Καὶ
1872 1627 2041 1673 πρωτον
2082 1605 2159 1669 μὲν
2183 1605 2262 1664 τὴν
2293 1605 2614 1654 Βαὸυλωνίων
2601 1625 2680 1670 γην
2704 1624 2809 1671 φησι
2829 1611 2938 1654 κεῖ-
2975 1625 2983 1673 ς,

1615 1683 1715 1726 σθαι
1736 1679 1810 1728 ἐπὶ
1838 1685 1910 1727 τοῦ
1936 1679 2136 1746 Τίγριδος
2159 1698 2233 1727 και
2269 1679 2498 1746 Εὐφράτου
2531 1682 2734 1741 ποταμοῦ
2756 1677 2914 1741 μέσην,
2940 1693 2946 1701 ’
2976 1671 2985 1725 ’.ἔ

1617 1752 1712 1802 Φύε
1696 1772 1754 1800 ειν
1780 1753 1825 1800 δὲ
1850 1751 1983 1811 αὐτὴν
2005 1752 2174 1817 πυρους
2200 1753 2371 1816 ἀγρίους
2402 1771 2477 1799 και
2500 1750 2647 1816 κριθὰς
2670 1750 2744 1798 καὶ
2773 1754 2917 1816 ὠχρὸν
2940 1759 2942 1761 ’
2978 1750 2980 1755 ’

1617 1826 1690 1874 καὶ
1710 1826 1907 1890 σήσαμον
1926 1846 2000 1874 και
2023 1826 2096 1880 τὰς
2118 1827 2160 1873 ἐν
2178 1829 2264 1879 τοῖς
2284 1823 2400 1872 ἕλεσι
2420 1823 2633 1890 φυομένας
2652 1823 2768 1888 ῥίζας
2784 1823 2919 1872 ἔσθίε-
2940 1879 2941 1882 ¹

1619 1903 1743 1946 σθαι·
1778 1898 2063 1962 ὀνομάζεσθαι
2095 1897 2229 1952 αὐτὰς
2259 1897 2441 1961 γόγγας’
2473 1898 2746 1959 ἰσοδυναμεῖν
2776 1897 2823 1944 δὲ
2844 1884 2922 1957 ‘ciis

1619 1971 1736 2039 ῥίζας
1758 1970 1919 2025 ταύτας
1943 1976 2126 2037 κριθαῖς.
2197 1970 2399 2026 Γίνεσθαι
2418 1967 2464 2017 δὲ
2487 1969 2677 2035 φοίνικας
2697 1967 2772 2016 καὶ
2794 1964 2916 2032 μηλα

1618 2064 1694 2092 και
1717 2043 1771 2091 τὰ
1795 2044 1927 2091 λοιπὰ
1953 2044 2169 2119 ἀκρόδρυα
2194 2042 2269 2090 και
2293 2042 2442 2106 ἰχθύας
2466 2040 2542 2089 καὶ
2579 2040 2704 2107 ὄρνεα
2734 2039 2922 2105 χερσαῖά
2946 2085 2951 2096 ,
2984 2076 2987 2077 ⁷

1620 2135 1666 2163 τε
1690 2135 1764 2163 και
1783 2117 1982 2178 λιμναῖα.
2008 2108 2133 2164 Εἶναι
2155 2114 2199 2162 δὲ
2223 2117 2355 2171 αὒτης
2376 2113 2431 2161 τὰ
2456 2113 2533 2177 μὲν
2555 2111 2670 2160 κατὰ
2693 2112 2770 2170 τὴν
2794 2111 2922 2178 Ἄρα·

1623 2187 1722 2235 δίαν
1750 2186 1860 2251 μέρη
1892 2186 2053 2250 ἄνυδρά
2078 2207 2124 2235 τε.
2148 2187 2223 2235 καὶ
2255 2186 2461 2252 ἄκαρπα,
2490 2185 2547 2233 τὰ
2578 2184 2624 2233 δὲ
2649 2183 2924 2248 ἀντικείμενα
2985 2175 2989 2187 ²

1621 2263 1677 2324 τῇ
1700 2257 1927 2324 Ἀραὸίᾳ
1907 2258 2049 2323 ορεινά
2072 2279 2118 2306 τε
2137 2278 2212 2306 και
2237 2277 2378 2323 αφορα
2405 2255 2592 2323 (εὔφορα
2621 2258 2763 2307 Goar.
2783 2259 2820 2320 ).
2845 2255 2925 2307 Ἔν
2990 2284 2993 2285 ’

1625 2333 1670 2380 δὲ
1691 2337 1744 2397 τῇ
1770 2332 2000 2381 Βαὸυλῶνι
2034 2331 2144 2379 πολυ
2172 2333 2333 2389 πλῆθος
2356 2326 2592 2395 ἀνθρώπων
2615 2328 2811 2392 γενέσθαι
2846 2329 2935 2380 ἆλ-’,

1627 2407 1812 2453 λοεθνῶν
1843 2405 2197 2464 κατοικησάντων
2221 2403 2301 2463 τὴν
2326 2402 2580 2452 Χαλδαίαν·
2605 2404 2680 2460 ζῆν
2703 2403 2748 2450 δὲ
2777 2396 2949 2459 αυτοδςῖ

1631 2479 1830 2532 ἀτάκτως
1850 2477 1997 2543 ὥσπερ
2018 2476 2073 2525 τὰ
2095 2476 2238 2543 θηρία.
2287 2503 2289 2507 ·

1698 2569 1738 2601 3.
1765 2551 1842 2600 Ἐν
1869 2550 1914 2598 δὲ
1937 2553 2000 2617 τῶ
2024 2549 2184 2616 πρώτῳ
2204 2551 2387 2616 ἐνιαυτῷ
2410 2552 2596 2614 φανῆναι
2623 2549 2672 2596 ἐκ
2697 2549 2774 2606 τῆς
2797 2539 2961 2612 ’Epo-,fs

1629 2629 1731 2716 θρας
1751 2624 1978 2683 θαλάσσης
2002 2622 2116 2672 κατὰ
2135 2642 2207 2670 τον
2231 2627 2467 2690 ὁμορουντα
2491 2621 2620 2670 τόπον
2643 2623 2696 2684 τῇ
2720 2619 2944 2685 Βοιὸυλωεν

1630 2697 1701 2746 νία
1719 2701 1824 2754 ζῶον
1848 2696 2026 2764 ἄφρενον
2046 2695 2203 2762 (ἄρρεν
2224 2695 2269 2744 ὂν
2290 2701 2335 2745 J.
2351 2697 2503 2759 Voss.)
2526 2695 2705 2758 ὀνόματι
2725 2690 2930 2755 Ὠάννην,

1630 2768 1771 2824 καθὼς
1794 2769 1870 2817 καὶ
1892 2769 2247 2835 Ἀπολλόδωροςε
2237 2768 2460 2832 ιστόρησε,
2482 2766 2531 2814 τὸ
2565 2766 2643 2830 μὲν
2675 2765 2774 2814 ὅλον
2798 2768 2929 2828 σῶμα

1631 2840 1730 2906 ἔχον
1749 2842 1911 2906 ἰχθύος,
1931 2842 2013 2889 ὑπὸ
2034 2841 2078 2890 δὲ
2099 2841 2176 2900 τὴν
2197 2839 2391 2906 κεφαλὴν
2407 2844 2773 2907 παραπεφυκυῖαν
2793 2836 2932 2896 ἄλλην

1632 2915 1822 2980 κεφαλὴν
1851 2915 2052 2962 ὑποκάτω
2083 2917 2158 2972 τῆς
2185 2919 2256 2963 τοῦ
2289 2912 2432 2978 ἰχθύος
2456 2915 2667 2977 κεφαλῆς,
2689 2909 2765 2958 καὶ
2795 2910 2931 2965 πόδας

1633 2985 1788 3048 ὁμοίιος
1811 2986 2062 3052 ἀνθρώπου,
2082 2985 2451 3051 παραπεφυκότας
2472 2981 2517 3031 δὲ
2536 2986 2586 3032 ἐκ
2608 2986 2686 3042 τῆς
2709 2984 2837 3048 οὐρᾶς
2855 2986 2934 3031 τοῦ

1635 3129 1813 3170 eandem
1831 3128 2096 3181 interfluere.
2118 3128 2282 3169 Ibidem
2301 3128 2499 3167 silvestre
2525 3127 2719 3166 triticum
2750 3125 2868 3165 nasci
2891 3124 2936 3164 ct

1637 3193 1843 3233 hordeum
1874 3196 1916 3233 et
1947 3194 2105 3232 lentem
2142 3194 2185 3232 et
2215 3202 2366 3232 ervum
2382 3193 2430 3230 et
2467 3199 2683 3230 sesamum
2715 3199 2728 3227 :
2768 3190 2860 3228 tum
2887 3187 2936 3228 in

1639 3260 1747 3308 ripis
1764 3257 2083 3309 paludibusque
2113 3257 2205 3306 ejus
2227 3255 2417 3302 fluminis
2445 3254 2614 3295 radices
2634 3252 2849 3306 quasdam
2869 3259 2936 3293 oc-

1639 3332 1815 3361 currere
1849 3324 1939 3361 esui
1970 3323 2121 3372 aptas,
2152 3321 2307 3372 quibus
2328 3329 2477 3359 nomen
2503 3320 2564 3358 est
2580 3319 2753 3368 qenai-e,
2781 3319 2937 3368 easque

1636 3388 1766 3436 panis
1797 3385 1998 3425 hordacei
2031 3387 2117 3425 vim
2144 3384 2301 3425 habere
2328 3397 2342 3424 .-
2364 3383 2547 3433 denique
2571 3380 2630 3421 ibi
2648 3383 2743 3420 esse·
2765 3379 2935 3431 palum

1641 3453 1683 3490 ei
1707 3451 1829 3491 mala
1856 3451 2031 3502 aliaque
2056 3450 2184 3490 mulli
2214 3451 2380 3500 qeneris
2397 3458 2548 3499 poma,
2570 3447 2786 3498 piscesque
2802 3447 2846 3487 et
2863 3452 2936 3498 iia·

1642 3513 1788 3554 latitia
1808 3515 2028 3555 silvestria
2048 3516 2180 3566 atque
2211 3513 2448 3564 palustria.
2478 3513 2615 3552 Porro
2641 3511 2826 3560 reqionis
2847 3507 2937 3559 W

1642 3582 1835 3629 partem,
1868 3589 1966 3631 quoe
1995 3579 2186 3619 Arabica
2210 3580 2299 3627 est,
2327 3577 2504 3618 aridam
2531 3585 2616 3616 esse
2643 3573 2939 3627 fructibusque

1643 3646 1883 3689 carentem;
1915 3653 2014 3695 quoe
2052 3652 2150 3683 vero
2181 3645 2334 3682 contra
2366 3641 2572 3682 Arabiam
2601 3639 2691 3678 sita
2723 3640 2808 3683 esi,
2842 3636 2939 3680 ocni

1643 3709 1855 3749 montibus
1885 3711 1926 3748 et
1950 3707 2176 3758 fructibus
2206 3705 2446 3747 abundare.
2499 3707 2602 3745 Jam
2635 3705 2682 3744 in
2714 3706 2810 3754 ipsa
2837 3713 2867 3743 ιι

1645 3773 1866 3824 Babylone
1895 3776 2111 3823 inqentem
2127 3772 2474 3823 alieniqenarum
2489 3769 2735 3819 hominum,
2756 3770 2832 3820 qui
2864 3768 2909 3808 vi

1645 3837 1796 3878 delicet
1837 3836 2091 3878 Chaldaeam
2117 3835 2334 3879 incolunt,
2374 3834 2600 3874 colluviem
2636 3835 2831 3883 versari,
2868 3847 2924 3865 w

1648 3901 1824 3953 demque
1858 3901 2132 3941 luxuriosam
2163 3902 2204 3940 et
2236 3898 2418 3939 belluini
2446 3907 2625 3948 prorsus
2655 3899 2773 3936 ritus
2805 3896 2903 3964 ”mi

1648 3968 1826 4016 aquare.

1701 4035 1739 4070 3.
1763 4032 1899 4082 Atque
1914 4031 2056 4079 primo
2083 4038 2200 4070 anno
2216 4039 2237 4068 e
2266 4027 2408 4068 Rubro
2421 4029 2536 4067 mari
2556 4028 2775 4066 emersisse
2789 4026 2858 4066 ait
2877 4027 2890 4064 i

1651 4095 1723 4133 tra
1756 4091 1920 4132 eosdem
1952 4093 2154 4131 terminos
2181 4090 2514 4141 Babyloniorum
2548 4091 2779 4129 immanem
2810 4098 2868 4139 qu

1651 4156 1754 4196 dam
1776 4155 1968 4204 beluam,
1998 4156 2068 4194 cui
2090 4164 2239 4194 nomen
2271 4155 2437 4203 oanni,
2463 4151 2576 4204 quod
2604 4155 2645 4192 et
2669 4149 2867 4202 Apollodo

1652 4225 1698 4260 in
1721 4220 1901 4260 historia
1919 4220 2106 4260 nar·:ial
2123 4228 2301 4270 eamque
2318 4219 2402 4258 toto
2413 4216 2587 4268 quidem
2605 4225 2779 4267 corpore
2792 4217 2894 4264 pise
2910 4255 2925 4267 ,-

1653 4284 1812 4334 fuiss-e,
1832 4292 1981 4322 verum
1996 4282 2073 4322 sub
2089 4283 2227 4332 capite
2243 4282 2370 4332 piscis
2389 4279 2518 4320 aliud
2531 4281 2664 4330 caput
2682 4279 2925 4329 appositum
2933 4278 2950 4321 '3
