3016 4628
126 459 268 501 μενοι,
306 438 446 504 γυμνὰ
472 446 578 486 πᾶσι
602 441 676 496 τῆς
699 438 863 502 ἡμέρας
901 437 953 484 τὰ
995 437 1176 499 σώματα
1201 445 1406 503 παρεῖχον

124 516 308 575 θεωρεῖν·
336 511 410 559 καὶ
433 514 456 558 ὁ
493 511 770 576 βουλόμενος,
792 510 986 574 καθάπερ
1008 511 1065 563 εἰς
1093 511 1234 573 ἀτυχῆ
1259 529 1407 574 παρα-

122 584 270 641 πηδῶν
317 582 494 645 ἀγέλην,
535 584 726 629 ἐθοινᾶτο
767 583 860 636 ταῖς
910 580 1154 641 ἐπιθυμίαις
1198 579 1276 637 τὴν
1324 583 1407 627 τῶν

22 709 44 725 Α
121 653 423 720 ἀθροισθέντων
449 653 564 719 ὥραν
578 691 590 712 ,
608 653 780 701 πάντων
801 652 877 716 μὲν
902 652 1098 718 ὁρώντων
1113 688 1127 713 ,
1153 651 1343 714 μάλιστα
1362 653 1407 699 δὲ

12 722 49 774 ,ἶνῖζ
120 718 179 776 ὧν,
202 725 363 784 ἥκιστα
390 728 542 774 ἐκεῖνοι
566 725 836 791 προσεδόκων
856 728 976 772 θεῶν.
1000 724 1132 773 Οὕτω
1163 723 1207 772 δὲ
1232 724 1280 771 τὸ
1313 726 1405 771 δαι·

122 796 264 860 μόνιον
289 797 608 861 ἠγανάκτησεν,
634 796 746 845 ὥστε
770 797 1050 862 Ταραντίνων
1074 795 1171 850 τοὺς
1204 797 1247 842 ἐν
1285 798 1407 861 Καρ-

120 869 216 935 ὅίνῃ
238 869 633 936 παρανομήσαντας
656 867 921 934 ἐκεραύνωσε
950 868 1131 922 πάντας.
1161 868 1250 916 Καὶ
1279 867 1407 934 μέχρι

119 941 193 989 καὶ
216 946 289 989 νῦν
313 945 356 989 ἐν
376 941 568 1008 Τάραντι
589 941 750 999 ἑκάστη
772 944 857 990 τῶν
879 943 1042 999 οἰκιῶν,
1063 939 1133 994 οὓς
1151 939 1407 996 ὑπεδέξαντο

118 1016 201 1060 τῶν
225 1015 281 1067 εἷς
299 1014 522 1078 Ἰαπυγίαν
542 1013 869 1079 ἐκπεμφθέντων
883 1050 895 1072 ,
911 1012 1121 1067 τοσαύτας
1142 1012 1232 1078 ἔχει
1247 1013 1408 1072 στήλας

118 1085 201 1149 πρὸ
223 1089 307 1133 τῶν
331 1089 482 1151 θυρῶν·
503 1086 567 1149 ἐφ’
589 1080 654 1140 αἶς
674 1089 770 1133 καθ’
796 1087 841 1133 ὃν
876 1085 1099 1132 ἀπώλοντο
1130 1084 1280 1151 χρόνον
1319 1085 1407 1132 οὔτ’

118 1157 370 1213 οἰκτίζονται
389 1157 485 1212 τοὺς
506 1157 818 1224 ἀποιχομένους
830 1197 843 1218 ,
860 1156 958 1205 οὔτε
976 1157 1051 1212 τὰς
1068 1160 1271 1221 νομίμους
1289 1156 1408 1222 χέον-

118 1249 187 1277 ται
209 1229 313 1294 χοὰς
328 1267 342 1293 ,
369 1230 481 1278 ἀλλὰ
499 1230 646 1278 θύουσι
670 1230 739 1280 Διὶ
762 1230 1041 1295 Καταιὸάτῃ.
1059 1252 1078 1271 »

725 1357 799 1388 10.

181 1446 313 1490 Idem
325 1447 434 1503 XII,
446 1463 494 1507 p.
511 1446 569 1500 54
583 1464 598 1491 1
609 1482 621 1503 ,
636 1448 670 1492 C
688 1463 697 1491 :
719 1446 809 1494 Καὶ
825 1445 1048 1509 Κλέαρχος
1061 1443 1104 1491 δὲ
1120 1445 1162 1491 ἐν
1177 1447 1238 1509 τῷ
1253 1445 1401 1510 τετάρ-

116 1535 179 1580 τῳ
195 1519 279 1562 τῶν
297 1516 411 1564 Βίων
431 1516 583 1583 γράφει
602 1517 734 1572 οὕτως
748 1537 759 1548 ·
776 1540 793 1558 α
814 1517 1029 1571 Διονύσιος
1050 1518 1086 1564 δ’
1108 1520 1131 1563 ὁ
1153 1517 1375 1566 Διονυσίου
1389 1555 1403 1581 ,

119 1588 293 1646 ἁπάσης
325 1588 548 1651 γενόμενος
575 1590 776 1644 Σικελίας
797 1590 1020 1655 ἀλάστωρ,
1045 1592 1102 1643 εἰς
1124 1588 1202 1647 τὴν
1227 1592 1404 1654 Λοκρῶν

114 1661 238 1708 πόλιν
263 1660 510 1725 παρελθὼν,
534 1654 664 1708 οὖσαν
690 1664 805 1727 αὐτῷ
830 1662 1094 1727 μητρόπολιν
1122 1662 1292 1726 (Δωρὶς
1322 1661 1403 1727 γὰρ

114 1735 141 1789 ἡ
167 1732 311 1799 μήτηρ
350 1735 478 1780 αὐτοῦ
516 1734 567 1780 τὸ
591 1733 706 1796 γένος
730 1727 781 1791 ἦν
806 1734 1018 1798 Λοκρίς),
1055 1734 1249 1799 στρώσας
1291 1727 1402 1782 οἶκον

113 1806 199 1851 τῶν
233 1806 277 1851 ἐν
311 1808 365 1869 τῇ
397 1803 520 1852 πόλει
557 1804 628 1852 τὸν
654 1805 854 1868 μέγιστον
892 1806 1118 1871 ἑρπύλλοις
1143 1805 1217 1853 καὶ
1247 1805 1402 1872 ῥόδοις,

114 1876 412 1939 μετεπέμπετο
434 1875 512 1938 μὲν
533 1877 577 1923 ἐν
606 1876 726 1942 μέρει
750 1876 825 1931 τὰς
849 1880 1029 1942 Λοκρῶν
1051 1877 1303 1944 παρθένους·
1329 1879 1403 1925 καὶ

112 1946 270 2010 γυμνὸς
305 1947 415 2010 μετὰ
453 1951 626 2012 γυμνῶν
649 1948 769 1995 οὐδὲν
808 1948 1014 2013 αἰσχύνης
1048 1949 1300 2015 παρέλιπεν,
1332 1949 1402 1996 ἐπὶ

111 2023 185 2066 τοῦ
207 2019 459 2086 στρώματος
474 2020 813 2084 κυλινδούμενος.
831 2024 1072 2087 Τοιγαροῦν
1093 2024 1186 2084 μετ’
1206 2023 1251 2068 οὐ
1269 2020 1402 2069 πολὺν

110 2091 264 2156 χρόνον
290 2095 328 2139 οἱ
353 2091 618 2157 ὓὸρισθέντες
633 2130 645 2152 ,
667 2096 851 2159 γυναῖκα
883 2093 957 2141 καὶ
976 2092 1104 2140 τέκνα
1135 2093 1294 2140 ἐκείνου
1322 2094 1402 2140 λα-

110 2161 279 2225 ὅόντες,
301 2164 527 2230 ὑποχείρια
552 2164 622 2212 ἐπὶ
641 2169 716 2223 τῆς
734 2167 831 2213 ὁδοῦ
861 2165 1096 2223 στήσαντες
1125 2165 1217 2228 μεθ’
1240 2164 1401 2230 ῧὸρεως

110 2235 467 2293 ἐνηκολάσταινον
492 2238 659 2291 αὐτοῖς·
687 2236 763 2284 καὶ
791 2236 884 2285 ἐπεὶ
906 2240 983 2294 τῆς
1022 2235 1186 2302 ῧὸρεως
1226 2237 1402 2302 πλήρεις

109 2306 325 2371 ἐγένοντο,
348 2313 591 2363 κεντοῦντες
617 2308 700 2356 ὕπὸ
731 2308 827 2363 τοὺς
853 2312 938 2356 τῶν
960 2312 1115 2374 χειρῶν
1146 2312 1303 2373 ὄνυχας
1330 2313 1400 2374 βε-

1074 337 1366 386 VlTARUM
1404 339 1623 388 FRAGM
1635 342 1793 390 ENTA
1806 378 1816 391 .

2673 363 2763 405 307

1486 442 1759 505 ἐπηράσαντο
1797 445 1952 498 πάντες
1985 446 2068 498 τοῖς
2105 445 2165 506 μὴ
2191 451 2461 510 γευσαμένοις
2489 455 2642 500 αὐτῶν·
2673 456 2766 503 ὅθεν

1485 513 1588 577 πρὸς
1608 512 1685 571 τὴν
1711 514 1877 562 ἀνόσιον
1900 517 2007 580 ἀρὰν
2035 517 2277 574 κατήλεσαν
2310 524 2447 568 αὐτῶν
2481 524 2555 578 τὰς
2584 526 2766 591 σάρκας,

1483 582 1536 629 ἵν’
1560 588 1586 641 ἡ
1606 585 1740 650 τροφὴ
1766 587 2124 649 σιτοποιουμένων
2145 591 2401 656 κατεδεσθῇ·
2431 594 2483 640 τὰ
2513 596 2556 643 δὲ
2585 599 2766 665 λείψανα

1483 656 1833 707 κατεπόντωσαν.
1860 659 1995 713 Αὐτὸς
2019 660 2062 706 δὲ
2083 659 2301 714 Διονύσιος
2319 665 2438 717 τέλος
2457 674 2766 734 μητραγυρτῶν

1483 728 1558 774 καὶ
1580 729 2034 796 τυμπανοφορούμενος
2053 733 2230 795 οἰκτρῶς
2251 732 2323 779 τὸν
2346 736 2436 798 βίον
2461 742 2765 806 κατέστρεψεν.

1485 801 1764 860 Εὐλαὸητέον
1803 795 1875 849 οὖν
1912 802 1987 861 τὴν
2023 804 2292 866 καλουμένην
2321 807 2496 873 τρυφὴν,
2521 803 2650 858 οὖσαν
2682 816 2767 861 τῶν

1485 874 1588 937 βίων
1618 874 1881 934 ἀνατροπὴν,
1920 874 2119 922 ἁπάντων
2159 895 2205 923 τε
2244 876 2430 942 ὀλέθριον
2469 883 2664 943 ἡγεῖσθαι
2691 884 2767 940 τὴν

1483 945 1620 1010 ὕὸριν.
1637 969 1655 986 n
1674 949 1742 994 Cf.
1762 950 1930 994 Strabo
1944 951 2029 1011 VI,
2046 966 2095 1009 p.
2120 949 2239 1011 2593
2263 952 2431 999 AElian.
2453 957 2505 1000 V.
2527 957 2584 1000 H.
2604 958 2698 1013 IX,
2718 959 2764 1003 8.

1850 1078 1887 1124 E
1926 1077 2109 1126 LlBRO
2146 1078 2399 1138 QUINTO.

2094 1205 2168 1235 11.

1548 1293 1680 1340 Idem
1695 1297 1812 1351 XII,
1829 1312 1874 1355 p.
1892 1295 1918 1341 5
1932 1314 1951 1342 1
1964 1297 1992 1341 8
2005 1331 2017 1352 ‚
2036 1299 2097 1342 C:
2119 1296 2351 1355 Διαίῗόητοι
2370 1297 2415 1344 δέ
2433 1299 2536 1345 εἰσιν
2551 1299 2619 1346 ἐπὶ
2633 1306 2767 1370 τρυφῇ

1481 1364 1555 1412 καὶ
1590 1367 1634 1412 αἱ
1671 1369 1752 1412 τῶν
1776 1369 1981 1435 ,Σικελῶν
2013 1367 2253 1432 τράπεζαι,
2283 1369 2431 1423 οἵτινες
2458 1371 2530 1417 καὶ
2565 1371 2642 1429 τὴν
2667 1376 2768 1439 παρ’

1481 1440 1622 1490 αὑτοῖς
1660 1437 1877 1486 θάλατταν
1914 1438 2109 1501 λέγουσιν
2151 1435 2259 1487 εἶναι
2292 1443 2511 1503 γλυκεῖαν,
2550 1445 2768 1508 χαίροντες

1480 1513 1566 1563 τοῖς
1585 1509 1628 1565 ἐξ
1655 1512 1784 1567 αὐτῆς
1807 1511 2042 1574 γινομένοις
2065 1513 2307 1575 ἐδέσμασιν,
2330 1513 2386 1568 ὥς
2417 1534 2521 1580 φησι
2546 1517 2768 1582 Κλέαρχος

1481 1584 1523 1629 ἐν
1544 1581 1731 1647 πέμπτῳ
1752 1582 1879 1633 Βίων.

2086 1689 2159 1716 12.

1542 1788 1671 1832 Idem
1688 1789 1762 1847 X,
1782 1804 1831 1848 p.
1852 1789 1943 1841 416
1959 1824 1971 1846 ‚
1991 1791 2054 1833 B:
2075 1787 2302 1852 Κλέαρχος
2327 1789 2362 1835 δ’
2384 1792 2427 1837 ἓν
2443 1789 2628 1855 πέμπτῳ
2653 1782 2764 1840 Βίων

1479 1858 1719 1923 Καντιὸάρι
1753 1859 1856 1924 φησὶ
1884 1863 1944 1926 τῷ
1975 1860 2149 1924 Πέρσῃ,
2177 1861 2305 1909 ὁπότε
2332 1863 2553 1910 κοπιάσειε
2571 1863 2647 1917 τὰς
2671 1883 2764 1910 σια-

1474 1930 1601 1995 γόνας
1637 1930 1803 1991 ἐσθίων,
1836 1932 2037 1997 κεχηνότι
2077 1933 2273 1998 καθάπερ
2299 1936 2357 1988 εἰς
2392 1934 2559 1999 ἄψυχον
2596 1938 2765 1998 ἀγγεῖον

1475 2003 1707 2049 εἰσαντλεῖν
1730 2000 1807 2060 τὴν
1827 2003 1986 2069 τροφὴν
2011 2004 2107 2058 τοὺς
2127 2005 2319 2059 οἰκείους.
2344 2009 2626 2054 Cantibarim
2650 2012 2765 2055 Per-

1473 2093 1568 2122 sam
1588 2086 1816 2122 memorat
1840 2080 1977 2123 etiam
2002 2077 2166 2124 AElian.
2190 2082 2240 2126 V.
2255 2082 2329 2128 H.
2356 2083 2404 2138 Ι,
2430 2097 2508 2139 27.

2080 2211 2097 2239 1
2110 2195 2155 2241 3„

1537 2309 1669 2354 Idem
1686 2310 1798 2365 XII,
1813 2324 1861 2368 p.
1882 2307 1988 2366 530,
2004 2310 2039 2356 C
2060 2324 2071 2356 ε
2093 2307 2316 2372 Κλέαρχος
2334 2310 2371 2356 δ’
2388 2312 2431 2356 ἐν
2449 2309 2634 2375 πέμπτῳ
2649 2311 2761 2358 Βίων

37 2370 57 2402 ²⁸
110 2379 254 2434 λόναις
277 2381 443 2428 ἀνεῖλον
461 2380 628 2436 αὐτούς.
654 2369 744 2429 Καὶ
761 2381 1106 2440 τελευτησάντων
1128 2381 1182 2428 τὰ
1198 2381 1275 2443 μὲν
1292 2383 1400 2428 ὀστᾶ
1474 2378 1668 2442 Σάγαρίν
1693 2398 1797 2444 φησι
1819 2378 1891 2426 τὸν
1915 2379 2214 2443 Μαριανδυνὸν
2243 2381 2329 2427 ὑπὸ
2363 2385 2525 2447 τρυερῆς
2554 2386 2761 2429 σιτεῖσθαι

109 2450 354 2518 κατέκοψαν
375 2453 420 2499 ἐν
438 2450 609 2514 ὅλμοις,
635 2451 690 2500 τὰ
714 2452 758 2501 δὲ
783 2451 915 2501 λοιπὰ
941 2451 1047 2518 κρέα
1081 2452 1371 2516 νεμησάμενοι
1387 2489 1400 2515 ,

1476 2450 1554 2514 μὲν
1575 2450 1703 2515 μέχρι
1722 2450 1863 2516 γήρως
1883 2453 1932 2498 ἐκ
1952 2456 2029 2499 τοῦ
2059 2455 2135 2509 τῆς
2159 2456 2304 2507 τιτθῆς
2340 2453 2578 2516 στόματος,
2603 2452 2674 2501 ἵνα
2701 2452 2760 2516 μὴ

50 2584 56 2602 ”
110 2589 351 2642 cuicumque
370 2590 526 2630 libitum
549 2591 674 2640 esset,
693 2591 728 2631 is
750 2593 941 2642 tanquam
958 2591 1000 2631 in
1027 2591 1216 2631 miserum
1241 2601 1399 2641 gregem

53 2700 59 2704 ⁴
108 2654 284 2694 insiliens
301 2684 313 2704 ,
341 2650 666 2707 congregatarum
697 2654 796 2695 flore
825 2666 917 2695 suas
938 2655 1176 2707 cupiditates
1200 2655 1398 2705 expleret,

110 2720 382 2770 spectantibus
418 2722 624 2771 omnibus,
659 2721 835 2762 maxime
863 2732 983 2773 vem,
1012 2731 1113 2772 quos
1146 2721 1203 2760 illi
1234 2720 1399 2760 minime

109 2784 359 2835 cogitabant,
383 2784 470 2825 diis.
497 2787 587 2831 Quo
619 2785 764 2836 flagitio
792 2785 848 2826 ita
874 2785 1120 2834 indignatum
1147 2789 1207 2825 est
1235 2785 1298 2824 dei
1320 2796 1397 2824 nu·

70 2859 71 2862 ’
108 2859 202 2888 men
216 2879 228 2899 ,
255 2850 324 2900 ut,
340 2851 540 2900 quotquot
556 2860 607 2890 ex
625 2850 847 2890 Tarentinis
865 2849 966 2889 illud
982 2850 1113 2890 scelus
1131 2850 1395 2898 admiserant,

87 2946 89 2948 .
109 2921 176 2951 eos
203 2923 341 2952 omnes
366 2913 533 2952 fulmine
557 2923 765 2963 percussos
794 2912 960 2953 deleret.
983 2915 1033 2953 Et
1063 2913 1115 2952 ad
1145 2913 1253 2952 hunc
1272 2923 1398 2963 usque

35 2983 61 3030 vj
92 2972 223 3015 ‘diem
252 2978 412 3016 Tarenti
439 2987 690 3028 unaquaeque
719 2976 886 3026 domus,
922 2978 1021 3027 quot
1043 2976 1111 3016 illa
1131 2976 1226 3015 olim
1242 2977 1399 3027 ceperat

42 3053 66 3091 “f
108 3051 160 3080 ex
173 3040 237 3081 his
255 3042 325 3092 qui
352 3042 392 3081 in
412 3042 611 3092 Iapygiam
640 3041 746 3082 missi
773 3042 909 3092 erant,
930 3042 991 3081 tot
1017 3041 1152 3092 cippos
1180 3040 1300 3080 habet
1325 3051 1397 3092 pro

57 3143 76 3159 „-
111 3104 282 3156 foribus‚
298 3106 351 3146 ad
371 3117 473 3157 quos
487 3106 622 3157 cippos
634 3137 646 3157 ‚
663 3106 852 3147 redeunte
868 3117 916 3146 eo
928 3105 993 3146 die
1010 3117 1090 3157 quo
1109 3106 1166 3146 illi
1179 3106 1395 3156 perierunt,

54 3163 77 3221 ξ·
106 3179 236 3222 neque
248 3171 514 3211 lamentantur
532 3173 733 3222 mortuos,
747 3182 878 3223 neque
893 3171 1092 3212 consuetis
1106 3171 1255 3211 inferiis
1270 3171 1396 3211 hono-

45 3240 85 3300 1³2
107 3236 220 3286 rant,
239 3235 307 3276 sed
322 3237 414 3276 Jovi
428 3236 690 3277 Fulminatori
710 3247 822 3276 sacra
838 3236 999 3277 faciunt.
1022 3253 1042 3271 »

48 3362 82 3412 ,Η
715 3341 784 3382 ιο.

47 3414 97 3492 §je
158 3431 372 3473 Clearchus
391 3435 535 3484 quarto
556 3434 656 3474 libro
676 3434 859 3474 vitarum
871 3435 927 3474 ita
941 3435 1077 3475 sex-ibit
1095 3448 1104 3474 :
1124 3451 1143 3470 «
1161 3436 1394 3487 Dionysius,

46 3487 87 3549 ἦ
107 3495 284 3548 Dionysii
299 3498 427 3548 iilius,
442 3498 638 3539 universae
656 3499 798 3539 Siciliae
820 3500 1060 3540 exsecranda
1075 3501 1196 3551 pestis
1210 3530 1221 3549 ,
1245 3504 1394 3542 Locro-

72 3554 89 3601 Τ
106 3569 198 3600 rum
227 3561 269 3600 in
300 3561 440 3602 urbem
464 3563 596 3611 'quum
635 3563 827 3612 venisset,
863 3574 956 3614 quae
987 3564 1022 3603 ei
1054 3565 1281 3615 metropolis
1308 3567 1394 3605 erat

73 3678 77 3682 y
109 3625 246 3676 (Doris
259 3627 365 3667 enim
381 3658 392 3678 ,
420 3629 547 3668 mater
571 3628 712 3679 ipsius,
729 3640 870 3679 genere
889 3630 1016 3670 fuerat
1042 3630 1296 3680 Locrensis),
1320 3631 1393 3670 do·

108 3698 222 3729 mum
232 3689 273 3730 in
293 3691 391 3731 urbe
411 3692 695 3742 amplissimam
719 3693 877 3743 serpillo
895 3695 936 3733 et
955 3693 1055 3734 rosis
1066 3694 1187 3734 sterni
1197 3694 1334 3744 jussit,
1352 3695 1394 3734 in

66 3752 91 3809 3}
106 3761 228 3803 quam
253 3765 322 3804 per
347 3755 456 3794 vices
479 3755 683 3795 arcessivit
706 3756 962 3796 Locrensium
987 3757 1154 3807 virgines
1177 3759 1244 3797 :et
1263 3757 1394 3798 nudus

49 3871 51 3874 Α
70 3821 85 3881 5⁷
107 3823 201 3919 :alum
215 3816 332 3857 nudis
347 3828 463 3868 super
481 3819 606 3858 strato
622 3819 690 3858 illo
721 3830 806 3858 sese
825 3819 994 3860 volvens
1010 3851 1020 3869 ‚
1038 3820 1135 3859 nihil
1156 3820 1206 3859 ad
1226 3821 1392 3871 turpitu-

66 3881 92 3935 ’ῡῆ
137 3881 242 3921 inem
259 3881 530 3932 flagitiumque
552 3882 694 3933 reliqui
711 3883 818 3924 fecit.
842 3885 982 3935 Itaque
1008 3885 1112 3924 haud
1129 3886 1256 3925 multo
1277 3888 1390 3936 post,

107 3941 256 3993 quiilla
267 3944 508 3984 contumelia
525 3945 658 3985 affecti
673 3949 810 3997 erant,
838 3950 1047 3999 postquam
1068 3961 1234 3989 uxorem
1254 3950 1338 4000 ejus
1353 3954 1392 3990 et

76 4003 251 4061 jssliberos
264 4008 305 4048 in
319 4011 551 4059 potestatem
575 4015 833 4062 acceperunt,
852 4013 892 4053 in
913 4014 976 4053 via
1002 4014 1159 4064 publica
1180 4016 1391 4065 prostitue-

63 4068 204 4130 :arant
215 4098 227 4117 ,
243 4071 351 4110 omni
371 4072 622 4112 contumeliae
640 4072 892 4126 lasciviaeque
909 4087 1051 4126 genere
1065 4077 1104 4115 in
1123 4087 1191 4116 eos
1208 4079 1361 4117 utentes
1380 4093 1388 4117 :

79 4130 197 4190 ptum
207 4163 220 4182 ,
243 4134 399 4184 expleta
412 4135 572 4175 libidine
582 4164 594 4186 ,
608 4136 762 4177 subulis
775 4130 849 4178 sub
862 4150 1052 4194 manuum
1070 4140 1268 4190 unguibus
1280 4152 1390 4179 eom-

100 4196 278 4247 ‘punctos
302 4197 599 4239 interemerunt.
631 4197 878 4241 Mortuorum
908 4214 995 4242 ossa
1021 4204 1060 4242 in
1082 4204 1280 4243 mortariis
1298 4215 1391 4244 con·

54 4270 56 4274 ·
85 4258 321 4310 ·>‘tn‹lerunt;
337 4262 528 4312 reliquam
546 4274 641 4303 vero
657 4274 815 4304 carnem
828 4265 1118 4316 distribuentes,
1131 4266 1235 4307 diras
1250 4269 1388 4317 impr-e·

48 3312 89 3344 {vif

58 3354 71 3363 ι.

98 4364 109 4377 ,

100 4396 113 4435 ἑ,

52 4484 60 4507 ’;
72 4492 75 4506 5
83 4476 117 4511 ἦ

1473 2589 1553 2628 cati
1569 2591 1663 2629 sunt
1679 2589 1740 2628 bis
1754 2588 1918 2639 quinon
1937 2590 2167 2640 gustarent;
2187 2601 2327 2640 quare,
2344 2601 2415 2642 pro
2432 2592 2596 2631 scelesta
2616 2593 2760 2642 impre-

1471 2653 1650 2700 catione,
1673 2662 1813 2692 carnes
1836 2652 1996 2692 illorum
2026 2652 2067 2692 in
2092 2653 2266 2703 pistrinis
2283 2655 2605 2694 comminuerunt
2620 2685 2631 2704 ‚
2657 2660 2701 2695 ut
2722 2657 2761 2695 in

1472 2716 1561 2755 cibo
1581 2716 1884 2755 comederentur
1921 2716 1971 2756 ab
2002 2716 2063 2755 his
2089 2716 2158 2766 qui
2188 2727 2331 2767 panem
2361 2718 2600 2758 conticerent
2633 2735 2642 2758 ε
2675 2721 2760 2759 reli-

1470 2780 1583 2829 quias
1609 2790 1705 2818 vero
1734 2780 1776 2818 in
1802 2790 1913 2819 mare
1938 2780 2195 2829 projecerant.
2230 2783 2318 2830 lpse
2344 2792 2441 2820 vero
2470 2781 2679 2832 Dionysius
2711 2784 2760 2822 ad

1470 2843 1695 2883 extremum
1723 2844 1865 2892 stipem
1887 2843 2004 2882 Matri
2028 2844 2158 2882 Deum
2174 2843 2426 2883 emendicans
2448 2846 2762 2896 tympanumque

1469 2910 1651 2960 pulsans,
1667 2909 1809 2949 misere
1825 2910 1946 2949 vitam
1967 2909 2107 2949 finivit.
2127 2910 2328 2960 Fugienda
2346 2911 2465 2962 igitur
2481 2912 2654 2963 luxuria,
2669 2925 2760 2963 quae

1469 2975 1576 3013 recte
1607 2974 1726 3024 τρυφὴ
1757 2984 1781 3012 a
1805 2972 2056 3023 sranqendo
2087 2974 2288 3013 nominata
2319 2977 2401 3025 est,
2435 2977 2480 3015 ut
2513 2987 2604 3026 quae
2637 2978 2758 3016 vitam

1468 3049 1629 3078 omnem
1663 3039 1836 3087 evertat,
1862 3049 2174 3089 persuasumque
2211 3039 2425 3080 habeamus
2444 3070 2455 3087 ,
2481 3042 2621 3091 quovis
2642 3042 2759 3082 modo

1468 3101 1674 3142 exitiosam
1691 3112 1774 3142 osse
1789 3102 2070 3141 contumeliam
2083 3105 2203 3153 atque
2219 3102 2415 3152 injuriam.
2435 3120 2452 3138 υ

1837 3226 1876 3274 Ε
1913 3226 2102 3274 LlBRO
2138 3227 2394 3286 QUINTO.

2078 3340 2142 3378 ΙΙ.

1520 3433 1761 3473 Deliciarum
1787 3437 1828 3474 et
1856 3435 2029 3475 luxuriae
2056 3436 2218 3476 nomine
2249 3436 2458 3476 celebratae
2485 3447 2643 3488 quoque
2664 3440 2756 3476 sunt

1470 3507 1617 3536 mensoe
1633 3497 1875 3546 Siculorum;
1895 3500 1963 3548 qui
1981 3499 2099 3538 etiam
2127 3510 2258 3548 mare,
2286 3500 2392 3550 quod
2411 3500 2570 3539 illorum
2586 3500 2752 3539 insulam

1467 3559 1600 3609 alluit,
1618 3559 1735 3599 dulce
1754 3571 1839 3600 esse
1857 3561 2061 3610 dictitant,
2075 3563 2287 3612 gaudentes
2309 3562 2458 3602 scilicet
2474 3563 2569 3602 cibis
2587 3574 2686 3613 quos
2706 3563 2753 3601 il-

1468 3623 1538 3663 lud
1562 3624 1809 3675 suppeditat,
1839 3627 1883 3666 ut
1897 3626 1952 3666 ait
1968 3626 2183 3667 Clearchus
2194 3657 2206 3677 ‚
2223 3627 2363 3678 quinto
2380 3627 2481 3667 libro
2501 3627 2697 3666 Vitarum.

2082 3725 2153 3765 12.

1519 3817 1756 3867 Clearchus,
1785 3820 1925 3869 quinto
1953 3820 2053 3861 libro
2084 3822 2289 3871 vitarum,
2315 3822 2471 3869 scribit,
2501 3820 2742 3861 Cantibaridi

1468 3886 1613 3931 Persae,
1629 3884 1784 3933 quoties
1800 3885 2024 3926 mandendo
2037 3887 2257 3937 defatigatae
2273 3889 2401 3926 essent
2420 3886 2607 3932 maxillae,
2627 3885 2748 3923 hianti

1466 3948 1856 3989 domesticoscibum
1876 3949 1914 3987 in
1934 3961 1979 3990 os
1998 3951 2173 4000 ingerere
2198 3951 2332 3990 solitos
2348 3979 2358 3997 ,
2392 3953 2578 3997 tanquam
2611 3947 2649 3986 in
2680 3958 2749 3985 vas

1465 4011 1665 4061 quoddam
1684 4012 1813 4051 inane.

2082 4105 2150 4143 13.

1517 4205 1733 4246 Clearchus
1747 4236 1759 4256 ‚
1780 4206 1918 4256 quinto
1937 4206 2037 4246 libro
2050 4206 2233 4244 vitarum
2249 4233 2259 4252 ,
2280 4202 2438 4252 Sagarin
2455 4202 2510 4240 ait
2527 4202 2746 4251 Mariandy-

1466 4279 1564 4306 num
1583 4279 1664 4317 prae
1693 4268 2016 4318 mollitiemque
2036 4267 2084 4306 ad
2116 4268 2355 4306 senectutem
2380 4265 2512 4302 cibum
2545 4274 2567 4298 e.
2586 4265 2747 4304 nutricis

2556 4338 2612 4367 zo.
