3016 4628
33 367 35 370 ’
94 390 109 417 ’,
156 390 273 422 mus
295 373 469 419 alienus
505 371 638 417 fuisse
668 372 877 428 videtum
914 387 1021 417 nam
1056 389 1161 418 cum
1186 377 1374 420 Zenone

95 461 98 466 '
134 457 139 464 '
161 449 278 495 uisse
307 446 477 491 dicitur
498 445 746 489 amicitiam
771 447 838 503 (n.
863 443 887 487 3
907 442 938 505 ).
973 446 1040 490 Ac
1065 460 1171 489 sane
1196 447 1374 492 Stoico-

26 627 28 629 ,
84 597 199 637 &mc
238 589 430 636 Athenis
460 597 560 632 erat
589 602 746 631 rerum
785 582 1078 646 publicarum
1106 590 1378 634 conditione

84 662 124 701 .³
147 685 149 691 ’
175 662 290 708 bare
323 658 510 718 debuit3
535 659 741 718 reliquos
763 659 1069 719 philosophos
1099 660 1195 704 fere
1220 676 1379 704 omnes

166 734 283 779 ·licae
306 730 557 790 disciplinae
595 739 640 774 et
671 730 905 790 dignitatis
935 732 1195 790 sincerique
1220 733 1379 791 patriae

55 788 58 791 .
93 799 258 855 fueris
281 801 508 862 judicavit
537 810 852 860 corruptoreS.
886 802 944 846 Id
967 803 1098 861 quod
1123 804 1381 848 luculenter

39 906 58 931 ·.
83 899 85 924 :
169 885 216 923 et
229 889 286 922 ex
305 874 531 929 oratione,
548 888 638 932 qua
660 874 809 932 legem
823 874 1064 933 Sophoclis
1081 874 1139 919 de
1158 875 1382 934 pellendis

30 967 142 1007 4.
157 946 374 1007 ‘losophis
393 947 468 990 vel
482 947 638 1005 potius
651 944 710 989 de
727 945 984 989 coercenda
1001 961 1165 990 eorum
1181 946 1380 991 docendi

32 1007 300 1073 ifex-tate
319 1027 482 1063 contra
520 1018 764 1063 Philonem
810 1017 1062 1062 defendere
1096 1018 1273 1062 studuit
1296 1019 1378 1079 (6).

33 1234 48 1240 ”
81 1227 99 1292 ’“-,
115 1243 127 1256 “
150 1279 152 1282 .
172 1245 407 1299 ριστοτέλους
435 1242 647 1294 γνώριμος,
677 1241 889 1291 ἀπολογίαν
922 1242 1016 1293 ὑπὲρ
1051 1247 1121 1282 τοῦ
1153 1244 1386 1293 Σοφοκλέους

30 1310 32 1312 ’
75 1319 128 1395 ‘3‘
187 1301 342 1355 χάρους
353 1298 630 1348 πεποιηκότος,
650 1302 718 1337 τοῦ
734 1299 999 1349 Δημοσθένους
1019 1300 1178 1352 ἀνεψιοῦ
1197 1301 1388 1351 (debebat

27 1406 42 1430 ³
67 1361 530 1470 .··.ῗίοῗξίῒ)οοουηιιίιιε
541 1414 678 1455 definit
696 1413 807 1464 Diog.
826 1416 868 1453 L.
888 1416 947 1463 V,
967 1420 1015 1455 38
1050 1427 1059 1453 :
1079 1417 1222 1466 μηδένα
1236 1421 1313 1456 τῶν
1333 1431 1386 1468 φι-

31 1476 183 1509 ι’
190 1490 266 1516 ων
282 1476 425 1528 σχολῆς
459 1474 686 1524 ἀφηγεῖσθαι
714 1473 761 1511 ἂν
800 1473 852 1522 μὴ
879 1477 925 1522 τῇ
958 1474 1075 1524 βουλῇ
1104 1475 1168 1513 καὶ
1199 1478 1255 1526 τῷ
1278 1476 1388 1526 δήμῳ

168 1558 175 1575 ι
192 1562 205 1583 ,
221 1535 254 1574 εἰ
273 1534 314 1574 δὲ
337 1534 413 1584 μὴ,
433 1532 592 1572 θάνατον
616 1531 712 1571 εἶναι
727 1531 794 1577 τὴν
815 1530 966 1580 ζημίαν.
998 1533 1170 1582 Tempus
1185 1532 1281 1583 legis
1298 1544 1389 1572 con-

32 1583 38 1598 ‘'
82 1590 337 1644 &tuendum
351 1603 401 1632 ex
416 1600 533 1630 versu
547 1587 721 1630 Alexidis
731 1599 803 1638 ap.
822 1589 962 1629 Athen.
984 1590 1011 1629 1.
1033 1591 1059 1629 l.
1079 1607 1087 1630 :
1118 1593 1249 1632 Πολλὰ
1265 1593 1388 1642 ἀγαθὰ

39 1668 52 1692 ·:
69 1651 194 1698 ,ζηΐεν
215 1652 251 1690 οἱ
277 1650 356 1689 θεοὶ
391 1646 598 1699 Δημητρίῳ
632 1647 738 1695 κτλ.,
763 1646 833 1685 ubi
859 1657 982 1697 quum
1019 1650 1242 1689 Demetrius
1258 1651 1389 1690 nullus

13 1699 15 1705 “
79 1702 194 1749 ..ssus
225 1708 276 1747 sit
294 1716 415 1758 quam
436 1704 698 1753 Poliorcetes,
729 1703 794 1743 lex
813 1703 879 1743 illa
910 1706 1048 1754 procul
1075 1706 1196 1746 dubio
1220 1707 1300 1746 lata
1332 1711 1390 1747 est

13 1765 45 1795 -’
131 1783 167 1801 m
199 1765 384 1805 liberatas
418 1773 442 1802 a
461 1762 663 1802 Demetrio
694 1761 868 1801 Athenas
890 1762 1018 1811 (307)
1040 1765 1080 1803 et
1100 1766 1192 1804 ante
1225 1765 1389 1804 exilium

33 1830 35 1834 ·
76 1809 209 1859 ἦῆ...
243 1822 348 1862 haris
370 1821 507 1871 (302).
544 1820 607 1860 Cf.
629 1819 790 1859 Glinton
813 1822 859 1859 F.
881 1822 927 1859 H.
960 1821 1011 1860 ad
1037 1833 1129 1861 ann.
1174 1827 1267 1862 316.
1302 1826 1390 1873 Ipsa

74 1877 103 1932 ‚ji
125 1885 131 1890 ⁴
166 1898 181 1917 ⁴2
201 1881 342 1922 natura
356 1879 488 1919 obstat
502 1887 553 1918 ne
567 1877 643 1918 sub
659 1877 847 1918 Demetrii
865 1877 1040 1919 Phalerei
1055 1880 1392 1920 administratione

74 1935 111 1986 >²2
131 1952 152 1974 ,ι
186 1956 205 1973 «ι
232 1948 317 1980 esse
334 1939 538 1988 putemus,
566 1937 752 1976 monente
774 1938 971 1976 Grauerto
1000 1938 1192 1978 Analect.
1225 1950 1264 1989 p.
1293 1943 1388 1988 335,

33 2027 35 2034 ,
80 1987 137 2052 ³4.
231 1995 566 2045 laudaturoysen.
589 1995 834 2044 uenenum,
855 1997 890 2042 1,
903 2006 942 2045 p.
959 1998 1036 2036 498
1059 1995 1224 2046 μυῆσαι
1240 1997 1330 2036 vide
1342 1997 1390 2037 de

111 2052 127 2091 i
142 2072 158 2091 νε
175 2072 181 2076 -
201 2065 319 2106 scopo
339 2053 498 2104 politico
515 2053 590 2103 (ct.
607 2052 792 2092 Larcher.
814 2051 863 2090 ad
889 2053 1078 2094 Herodot.
1103 2057 1238 2104 vl1,p.
1260 2058 1334 2095 714
1350 2057 1362 2104 )
1376 2086 1388 2104 ,

36 2142 38 2166 ;
86 2107 189 2169 ,ζμ
232 2123 284 2152 ex
299 2112 393 2162 ipsis
406 2110 606 2151 'orationis
621 2110 902 2152 Demochareae
921 2112 1148 2162 fragmentis
1177 2113 1391 2164 intelligere

37 2208 41 2215 ⁴
102 2165 171 2214 ’Ὦ
188 2196 201 2210 .
215 2169 415 2210 Pei-tinent
430 2168 510 2208 huc
528 2180 538 2207 ε

73 2223 75 2226 ’
109 2226 357 2274 -Athenaeus
370 2228 439 2275 Xl,
451 2237 490 2277 p.
503 2229 632 2275 508,F
644 2242 654 2267 ε
667 2227 828 2276 Εὐάγων
842 2229 876 2267 δ’
889 2230 911 2268 ὀ
923 2228 1263 2279 Ααμψακηνὸς,ὥς
1275 2243 1388 2280 φασιν

34 2303 53 2310 ’
167 2279 173 2282 ’
195 2326 198 2330 ,
248 2286 311 2332 λος
328 2286 395 2324 καὶ
426 2287 656 2333 Δικαιοκλῆς
683 2288 705 2325 ὁ
734 2289 884 2334 Κνίδιος
915 2289 953 2326 ἐν
983 2289 1147 2338 εἰκοστῷ
1166 2289 1230 2326 καὶ
1249 2288 1390 2339 πρώτῳ

129 2351 169 2374 *v
190 2340 320 2396 ριδῶν,
342 2342 397 2382 ἔτι
423 2341 464 2382 δὲ
483 2343 714 2394 Δημοχάρης
730 2346 752 2384 ὁ
771 2347 894 2396 ῥήτωρ
915 2346 953 2384 ἐν
972 2348 1028 2396 τῷ
1045 2345 1139 2396 ὑπὲρ
1159 2346 1389 2396 Σοφοκλέους

117 2395 168 2450 ζ’)’ῑ-
215 2402 400 2449 Φίλωνα,
427 2401 605 2447 δανείσας
630 2407 677 2453 τῇ
705 2404 858 2456 πατρίδι
877 2404 1054 2455 ἀργύριον
1075 2403 1136 2442 ἐπὶ
1157 2403 1321 2454 ἐνεχύρῳ
1342 2408 1388 2454 τῇ

221 2458 322 2508 aee,
357 2459 424 2498 καὶ
461 2458 727 2509 ἀποστερήσας
743 2490 754 2506 ,
800 2465 993 2513 τυραννεῖν
1033 2460 1251 2500 ἐὸουλεύετο
1263 2491 1274 2510 ,
1319 2462 1390 2506 ἕως

103 2562 151 2567 ..
171 2510 174 2511 ⁷
194 2538 221 2550 ι-
236 2516 368 2568 μόντες
384 2516 443 2554 ἐπ’
457 2516 572 2555 αὐτὸν
588 2519 624 2555 οἱ
643 2519 901 2568 Λαμψακηνοὶ
924 2549 936 2569 ,
953 2519 1018 2558 καὶ
1038 2518 1087 2558 τὰ
1103 2518 1281 2569 χρήματα
1296 2518 1388 2557 ἀπο-

175 2597 184 2606 ·
231 2603 245 2624 ,
267 2574 455 2626 ἐξὲὃαλον.
510 2574 669 2622 Τίμαιος
701 2576 734 2614 δ’
753 2577 775 2616 ὁ
812 2578 1022 2624 Κυζικηνὸς
1051 2578 1114 2626 (v.
1141 2575 1387 2626 Marquardt.

38 2667 40 2670 ,
103 2625 200 2683 44⁷8.
219 2642 260 2682 p.
279 2635 343 2674 71.
355 2632 387 2681 ),
408 2633 460 2675 ὡς
480 2632 501 2669 ὁ
517 2632 629 2677 αὐτὸς
649 2633 878 2685 Δημοχάρης
894 2635 1000 2685 φησὶ,
1013 2634 1192 2685 χρήματα
1206 2635 1271 2672 καὶ
1284 2636 1388 2671 σῖτον

40 2716 41 2724 ,
150 2689 252 2737 idaia:
269 2692 351 2736 τοῖς
378 2689 548 2733 πολίταις
560 2692 639 2739 ,καὶ
657 2691 720 2730 διὰ
736 2696 857 2732 ταῦτα
876 2693 1088 2738 πιστευθεὶς
1106 2693 1200 2731 εἶναι
1225 2692 1388 2743 χρηστὸς

40 2792 41 2795 ¹
221 2749 306 2794 ’τοῖς
339 2749 584 2797 Κυζικηνοῖς,
619 2750 752 2800 μικρὸν
780 2750 952 2801 ἐπισχὼν
987 2750 1123 2802 χρόνον
1150 2751 1303 2790 ἐπέθετο
1340 2755 1387 2800 τῇ

46 2823 48 2826 ’
99 2806 270 2858 λιτείᾳ
302 2806 351 2846 δι’
377 2805 580 2857 Ἀριδαίου.
637 2808 783 2858 Κριθεὶς
803 2809 863 2856 δὲ,
897 2810 964 2848 καὶ
984 2809 1120 2856 ἁλοὺς,
1157 2809 1222 2847 καὶ
1255 2809 1387 2857 ἀδοξή-

40 2855 54 2890 'v
92 2880 139 2893 ··
180 2894 193 2916 ,
212 2865 251 2915 ἐν
267 2864 334 2916 μὲν
350 2868 397 2915 τῇ
413 2863 522 2904 πόλει
539 2864 697 2915 ἐπέμενε
716 2867 876 2911 παλαιὸς
900 2868 964 2906 καὶ
980 2865 1202 2918 γεγηρακὼς
1214 2895 1226 2915 ,
1244 2866 1388 2916 ἀτίμως

39 2964 42 2971 ,
99 2917 144 2939 ''³‘'
162 2922 229 2962 καὶ
242 2921 390 2967 ’ἀδόξως
408 2921 562 2967 διαζῶν.
618 2925 795 2962 Τοιοῦτοι
816 2924 848 2962 δ’
867 2925 941 2963 εἰσὶ
964 2925 1029 2963 καὶ
1046 2929 1111 2963 νῦν
1136 2927 1213 2963 τῶν
1232 2924 1389 2973 Ἀκαδη-

40 2977 43 3002 ’·
170 2981 251 3020 κῶν
263 2993 359 3026 τινες
373 3009 385 3027 ,
403 2979 568 3025 ἀνοσίως
584 2981 649 3019 καὶ
668 2981 809 3026 ἀδόξως
828 2983 1012 3033 βιοῦντες.
1069 2981 1286 3033 Χρημάτων
1318 2984 1390 3034 γὰρ

155 3034 332 3084 &etesiae
354 3038 422 3078 καὶ
452 3038 556 3089 παρὰ
581 3039 692 3090 φύσιν
720 3040 985 3092 κυριεύσαντες
1017 3041 1080 3079 διὰ
1111 3040 1306 3090 γοητείαν,
1326 3046 1390 3080 νῦν

144 3094 175 3137 'i
189 3096 451 3148 περίὸλεπτοι·
464 3097 596 3148 ὥσπερ
611 3098 678 3136 καὶ
697 3098 852 3149 Χαίρων
868 3099 890 3137 ὁ
911 3099 1136 3146 Πελληνεὺς,
1155 3099 1195 3144 ὃς
1215 3100 1259 3138 οὐ
1277 3099 1391 3149 μόνον

103 3160 173 3206 g'r·
208 3167 278 3192 ωνι
304 3153 530 3205 ἐσχόλακεν,
562 3154 660 3193 ἀλλὰ
687 3156 754 3194 καὶ
775 3155 1017 3206 Ξενοκράτει.
1073 3158 1148 3196 Καὶ
1180 3156 1289 3202 οὗτος
1309 3157 1390 3206 οὖν,

98 3220 105 3233 ⁶
180 3211 358 3262 πατρίδος
371 3215 516 3262 πικρῶς
530 3213 790 3262 τυραννήσας,
810 3213 856 3252 οὐ
876 3214 991 3262 μόνον
1007 3213 1094 3258 τοὺς
1120 3213 1296 3264 ἀρίστους
1315 3219 1390 3254 τῶν

141 3271 155 3302 ’,
175 3269 477 3318 ιτῶνέξήλασεν,
493 3269 601 3308 ἀλλὰ
617 3271 682 3309 καὶ
699 3275 778 3315 τοῖς
806 3271 952 3310 τούτων
982 3272 1128 3316 δούλοις
1146 3273 1195 3310 τὰ
1214 3273 1392 3323 χρήματα

100 3338 147 3374 ῥ’
191 3326 396 3367 δεσποπῶν
412 3326 694 3378 χαρισάμενος,
717 3329 782 3366 καὶ
804 3329 870 3371 τὰς
888 3327 1042 3367 ἐκείνων
1066 3332 1251 3376 γυναῖκας
1268 3331 1393 3381 συνῴ·

128 3431 131 3434 ,
145 3408 169 3434 ,-
202 3385 294 3436 πρὸς
311 3383 438 3435 γάμου
453 3385 654 3424 κοινωνίαν
666 3413 678 3434 ,
695 3385 800 3424 ταῦτ’
814 3387 1017 3436 ὠφεληθεὶς
1033 3387 1078 3426 ἐκ
1097 3391 1162 3434 τῆς
1177 3388 1296 3434 καλῆς
1316 3390 1391 3427 Πο·

98 3457 124 3497 ζ
136 3466 143 3482 1<
169 3442 243 3491 ἵεις
257 3443 324 3482 καὶ
347 3445 423 3480 τῶν
442 3441 678 3493 παρανόμων
698 3442 857 3493 Νόμων.

100 3516 103 3519 ’
146 3493 284 3541 'Etiam
311 3498 577 3550 reliquorum,
605 3510 697 3550 quae
721 3499 862 3554 eodem
883 3510 999 3539 sensu
1025 3500 1130 3550 apud
1156 3501 1300 3541 Athen.
1319 3501 1346 3540 1.
1365 3501 1392 3541 l.

40 3574 46 3578 '⁷
101 3557 212 3606 cta
221 3558 336 3606 sunt,
361 3556 467 3596 bona
488 3567 579 3608 pars
600 3568 649 3596 ex
670 3558 914 3598 Demochare
933 3558 1106 3597 fluxerit.

42 3612 49 3649 τ’
88 3611 127 3659 J
158 3613 266 3657 idem
291 3616 344 3664 V,
373 3619 461 3664 212),
482 3617 513 3654 G
548 3617 759 3665 postquam
790 3615 944 3655 dixerat
973 3615 1022 3654 de
1057 3615 1170 3665 Lysia
1201 3616 1392 3665 Epicureo

90 3684 148 3712 ι’
172 3670 358 3724 Iosopho,
388 3671 429 3717 ὃς
448 3672 486 3718 ἐξ
513 3672 667 3723 ἱματίου
686 3673 866 3724 τύραννος
893 3673 956 3720 ἦν,
983 3671 1143 3721 subjicit
1178 3688 1188 3712 :
1213 3674 1390 3711 Τοιοῦτοι

44 3727 50 3763 ἶ
87 3724 204 3778 ..fjtv
219 3731 256 3771 ot
289 3729 368 3770 ἀπὸ
399 3730 621 3781 φιλοσοφίας
640 3732 862 3783 στρατηγοὶ,
886 3731 970 3780 περὶ
994 3730 1047 3768 ὧν
1068 3729 1298 3781 Δημοχάρης
1314 3729 1390 3768 ἕλε·

52 3794 53 3798 ’
139 3795 142 3798 ’
183 3797 198 3812 ·
223 3802 246 3824 α
269 3787 424 3839 Ὥσπερ
445 3788 491 3828 ἐκ
516 3788 686 3840 θΰμὸρας
707 3790 828 3835 οὐδεὶς
856 3790 903 3828 ἀν
931 3788 1082 3828 δύναιτο
1104 3788 1392 3828 κατασκευάσαι

97 3850 144 3877 Ψ·
179 3876 181 3878 -
204 3847 364 3895 τιὴ-οὐδ’
376 3847 422 3886 ἐκ
435 3847 663 3899 Σωκράτους
679 3848 915 3899 στρατιώτην
935 3847 1151 3897 ἀμεμπτον.
1171 3861 1189 3879 »¹
1209 3845 1395 3895 Sequitur

41 3935 58 3957 9
251 3905 322 3946 tio
344 3905 394 3945 de
425 3906 599 3946 Socratis
626 3905 967 3956 expeditionibus,
995 3905 1140 3955 quippe
1169 3914 1260 3954 qum
1286 3913 1396 3943 mera

95 3971 143 4012 3=
165 3992 167 3995 .
206 3980 249 3997 ··.
296 3964 375 4005 sint
393 3957 638 4005 commenta«
650 3984 703 3997 ——
725 3963 832 4004 ldem
851 3963 1104 4003 Democharis
1114 3962 1264 4001 dictum
1279 3961 1396 4001 Athe·

193 4071 196 4074 .
240 4033 282 4063 e
296 4021 378 4068 alia
393 4034 437 4062 re
453 4023 622 4073 loquens
644 4022 784 4073 repetit
810 4023 861 4071 V,
878 4032 917 4072 p.
942 4025 1030 4070 187,
1055 4023 1106 4061 D.
1126 4018 1186 4060 cf.
1206 4018 1397 4060 Eusebius

48 4121 50 4126 .
99 4090 158 4124 ,.
179 4078 325 4130 ⁴.xv,
345 4084 383 4126 2,
401 4086 441 4129 p.
460 4083 556 4120 791.

48 4136 50 4154 ³
161 4132 234 4175 Ex*
253 4133 331 4176 alia
366 4133 545 4176 oratione
579 4137 833 4176 Democharis
867 4135 1062 4176 Plutarch.
1094 4133 1175 4173 vit.
1216 4135 1251 4173 X
1282 4133 1394 4173 Orat.

54 4243 58 4245 .
96 4188 136 4246 ’ῥ’
166 4194 303 4243 Most)
321 4193 378 4243 (ι).
401 4197 498 4235 1024
519 4194 670 4244 Didot.)
695 4195 889 4245 ιἙγένετο
906 4195 986 4244 (sc.
1011 4190 1259 4243 Αἰσχίνης)δ’
1279 4190 1396 4241 εὗφω·

99 1119 111 1172 Ῠ,
139 1130 349 1189 (QAthen.
359 1131 468 1178 xm,
477 1138 517 1178 p.
529 1131 620 1174 610,
631 1127 660 1165 F
674 1141 683 1165 z
697 1127 886 1176 Σοφοκλῆς
895 1126 935 1165 δέ
942 1140 996 1172 τις
1005 1127 1219 1178 ψηφίσματι
1229 1128 1384 1175 ἐξήλασε

115 1214 143 1218 .,
164 1223 165 1226 ¹
187 1203 231 1236 ας
245 1187 470 1240 φιλοσόφους
486 1189 554 1232 τῆς
572 1183 740 1230 Ἀττικῆς
751 1212 763 1232 ,
790 1184 876 1222 καθ’
890 1183 936 1222 οὗ
952 1184 1064 1230 λόγον
1084 1185 1225 1237 ἔγραψε
1238 1186 1383 1235 Φίλων,

1098 266 1507 317 FRAGMENTA.

2630 290 2723 335 44⁴!

1516 377 1599 421 His
1636 377 1926 437 jungendum
1949 391 2013 425 est
2032 383 2089 427 de
2113 386 2344 431 Demetrio
2363 388 2583 436 Phalereo
2601 393 2726 451 judi-
2800 424 2802 426 -

1457 448 1579 490 cium
1618 447 1699 508 (fr.
1738 447 1810 509 α).
1847 452 2069 496 Concedit
2102 458 2287 513 quidem
2325 465 2642 521 exsanguinem
2680 474 2726 509 et

28 567 29 570 Ἴ
88 534 180 572 ff...
209 518 499 580 potissimum
517 516 778 579 doctrinam
798 517 1110 560 Demochares
1129 519 1176 561 in
1202 533 1254 563 ea
1275 534 1375 577 quae
1450 517 1676 574 jacentem
1699 522 1926 565 civitatem
1946 524 2003 567 ab
2025 539 2080 568 eo
2102 527 2344 572 relevatam
2365 547 2479 586 esse,
2502 546 2730 592 quatenus

1454 590 1529 632 ille
1549 590 1750 635 effecerit
1770 601 1820 636 ut
1846 596 1980 653 copia
2005 611 2156 639 rerum
2175 613 2273 656 quae
2293 600 2350 644 ad
2373 604 2506 647 vitam
2528 621 2727 651 necessa-

1454 661 1531 703 riae
1566 671 1691 716 sunt,
1734 663 1846 707 urbs
1888 665 2169 723 abundaret3
2211 678 2256 712 at
2298 686 2405 714 num
2451 676 2584 718 etiam
2625 678 2726 735 glo-

1455 732 1532 774 riae
1571 742 1616 776 et
1653 733 1863 793 dignitati
1905 737 2249 782 Atheniensium
2279 744 2536 788 consuluit?
2567 748 2730 791 Nonne

1458 811 1578 846 totus
1602 805 1831 862 pendebat
1853 822 1908 850 ex
1926 817 2042 851 nutu.
2064 810 2329 854 Cassandri?
2358 815 2500 872 Igitur
2516 818 2625 860 nihil
2647 820 2730 862 nisi

1424 909 1428 913 .
1458 874 1568 918 boni
1604 876 1836 934 publicani
1874 879 2056 922 laudem
2085 882 2343 926 Demetrius
2374 889 2537 929 mereri
2562 890 2728 932 Demo·

1459 947 1583 991 chari
1603 947 1803 992 videtur.
1831 951 1976 994 Tanto
1996 953 2158 996 Noster
2174 951 2381 1012 flagravit
2400 957 2549 1000 studio
2574 962 2731 1017 priscae

1460 1017 1699 1062 libertatis.
1770 1019 1919 1076 Quam
1956 1022 2036 1065 ubi
2078 1023 2263 1067 tandem
2288 1026 2407 1069 cives
2431 1042 2732 1087 recuperave-

1459 1097 1563 1132 rant
1604 1090 1981 1148 quodammodo,
2017 1102 2193 1138 tanturn
2227 1096 2372 1139 abfuit
2409 1106 2459 1141 ut
2494 1101 2654 1144 servile
2689 1104 2737 1146 in

1459 1162 1746 1206 Demetrium
1796 1164 2090 1209 Poliorceten
2125 1166 2396 1226 obsequium
2435 1172 2735 1229 approbaret,

1459 1241 1512 1275 ut
1534 1233 1624 1276 suis
1644 1234 1693 1276 in
1721 1233 1982 1279 adulatores
2005 1246 2051 1280 et
2069 1238 2217 1296 ipsum
2251 1239 2470 1284 libertatis
2501 1252 2737 1288 auctorem

1463 1303 1665 1349 dicteriis
1694 1307 1882 1350 exilium
1909 1308 1994 1351 sibi
2015 1310 2325 1357 contraheret.
2395 1311 2628 1370 Ejusmodi
2658 1317 2739 1358 in-

1463 1375 1583 1420 dolis
1623 1378 1695 1420 vir
1717 1392 1814 1421 non
1838 1387 1962 1423 caret
1986 1379 2274 1426 adversariis.
2342 1383 2550 1440 Quorum
2583 1386 2629 1429 in
2653 1402 2738 1430 nu·

1463 1463 1594 1491 mero
1650 1447 1783 1492 fuisse
1826 1449 1995 1495 scimus
2040 1453 2308 1497 Democlem
2354 1456 2446 1499 sive
2503 1458 2738 1501 Democli-

1465 1518 1571 1563 dem
1586 1527 1819 1564 oratorem
1843 1519 1897 1581 (⁴¹)
1921 1531 2058 1581 atque
2074 1524 2383 1569 Archedicum
2399 1537 2582 1585 poetam
2599 1531 2740 1573 comi-

1465 1607 1588 1636 cum.
1601 1593 1686 1636 Ille
1709 1592 1957 1652 discipulus
1973 1596 2060 1639 fuit
2070 1597 2368 1656 Theophrasti
2387 1600 2641 1659 Sophoclea
2658 1602 2737 1646 ista

1463 1663 1564 1724 lege
1582 1665 1764 1709 exulare
1781 1667 1927 1709 coacti
1943 1700 1956 1722 ‚
1974 1666 2048 1711 hic
2068 1683 2179 1712 vero
2208 1684 2233 1712 a
2250 1670 2457 1728 partibus
2479 1673 2598 1715 stetit
2618 1673 2740 1717 Stra-

1465 1737 1624 1791 toclis,
1647 1752 1786 1795 quem
1805 1738 2084 1783 Demochari
2102 1749 2339 1793 auctorem
2362 1743 2483 1785 exilii
2509 1742 2639 1787 fuisse
2661 1759 2735 1787 su·

1463 1821 1551 1864 pra
1575 1807 1785 1854 diximus.
1853 1810 2070 1854 Convicia
2093 1826 2254 1855 eorum
2274 1812 2406 1857 avide
2429 1828 2485 1857 ex
2511 1830 2638 1858 more
2657 1831 2740 1859 suo

1465 1879 1665 1938 arripuit
1693 1881 1886 1925 Timaeus
1917 1881 1995 1942 (sr.
2044 1886 2132 1934 140
2155 1882 2279 1943 sq.)‚
2318 1885 2384 1926 uti
2415 1884 2575 1928 Suidas
2605 1894 2741 1930 testa-

1466 1959 1542 1995 tur
1565 1961 1611 1996 et
1634 1953 1866 2012 Polybius.
2740 2008 2742 2010 ,

1532 2024 1695 2070 Suidas
1716 2041 1759 2072 v,
1782 2016 1817 2090 ᾧ
1845 2023 1892 2070 τὸ
1915 2022 2024 2087 ἱερὸν
2045 2028 2130 2088 πῦρ
2155 2026 2230 2071 οὐκ
2258 2024 2393 2079 ἔξεστι
2419 2029 2606 2090 φυσῆσαι
2631 2046 2642 2073 :
2662 2030 2702 2075 T
2706 2048 2739 2074 ι-

1467 2100 1593 2154 μαῐος
1613 2097 1655 2141 ἓν
1674 2093 1744 2151 λη’
1784 2095 2013 2160 Ἱστοριῶν·
2033 2095 2108 2149 Ὡς
2133 2099 2171 2142 οἱ
2199 2096 2297 2160 περὶ
2317 2096 2611 2158 Δημοκλείδην
2633 2099 2743 2145 κατὰ

1465 2165 1750 2230 Δημοχάρους
1772 2160 1904 2224 εἷπον,
1937 2165 2001 2213 ὅτι
2026 2167 2142 2231 μόνῳ
2177 2169 2292 2232 αὐτῷ
2314 2167 2481 2215 πάντων
2514 2169 2743 2226 Ἀθηναίων

1465 2239 1541 2284 οὐκ
1565 2237 1700 2291 ἔξεστι
1729 2240 1778 2284 τὸ
1803 2240 1913 2303 ἱερὸν
1938 2244 2023 2304 πῦρ
2046 2243 2260 2304 φυσῆσαι,
2296 2242 2354 2294 ὥς
2377 2239 2436 2301 μὴ
2467 2240 2743 2306 καθαρεύοντι

1464 2312 1550 2364 τοῖς
1570 2309 1657 2357 ἄνω
1678 2309 1864 2376 μέρεσιν.

1529 2384 1749 2443 Polybius
1768 2386 1878 2440 XII,
1910 2384 1980 2431 13:
1999 2382 2184 2444 Τίμαιός
2204 2401 2307 2445 φησι
2330 2383 2593 2447 Δημοχάρην
2617 2387 2740 2439 ἡται·

1467 2452 1643 2518 ρηκέναι
1678 2454 1755 2516 μὲν
1775 2461 1861 2508 τοῖς
1885 2454 1973 2501 ἄνω
2008 2455 2154 2517 μέρεσι
2178 2459 2251 2502 τοῦ
2290 2453 2510 2516 σώματος,
2534 2457 2609 2501 οὐκ
2633 2447 2743 2501 εἶναι

1469 2527 1508 2573 δ’
1551 2525 1666 2581 ἄξιον
1698 2526 1745 2573 τὸ
1775 2529 1885 2592 ἱερὸν
1914 2531 1999 2591 πῦρ
2032 2534 2183 2592 φυσᾶν,
2221 2524 2560 2591 ὑπερόεὸηκέναι
2590 2526 2633 2572 δὲ
2659 2533 2746 2580 τοῖς

1463 2647 1524 2679 νος
1539 2663 1550 2682 ,
1569 2637 1620 2679 ὡς
1636 2635 1745 2682 δῆλον
1762 2635 1806 2674 ἐκ
1823 2647 1865 2674 τε
1881 2634 1936 2674 ὦν
1955 2649 2044 2685 φησι
2073 2635 2314 2685 Δημοσθένης
2331 2634 2394 2672 καὶ
2412 2634 2455 2672 ἐκ
2471 2637 2539 2672 τοῦ
2555 2634 2734 2684 Δημοχά-

1464 2706 1549 2742 ρους
1571 2693 1700 2742 λόγου.
1721 2695 1806 2732 Huc
1822 2693 1940 2732 etiam
1957 2693 2022 2731 illa
2039 2693 2231 2742 pertinere
2254 2691 2433 2730 videntur
2451 2701 2542 2740 quae
2561 2692 2743 2740 leguntur

1463 2750 1505 2789 in
1521 2741 1714 2800 A'nonymi
1730 2751 1812 2790 Vit.
1830 2750 2022 2792 AEschinis
2037 2752 2051 2797 (
2064 2762 2105 2800 p.
2117 2754 2191 2790 269
2207 2749 2247 2788 in
2258 2751 2382 2800 Βιογρ.
2395 2749 2707 2796 Woetermanni)
2728 2764 2738 2786 z

1465 2808 1697 2859 Δημοχάρης
1716 2807 1749 2847 δ’
1772 2809 1794 2847 ὁ
1821 2809 2036 2858 ἀδελφιδοῦς
2064 2808 2327 2857 Δημοσθένους
2339 2836 2350 2854 ,
2370 2809 2403 2845 εἰ
2423 2807 2496 2856 ἄρα
2516 2808 2732 2845 πιστευτέον

1465 2866 1571 2914 αὐτῷ
1588 2866 1732 2914 λέγοντι
1748 2867 1835 2916 περὶ
1853 2866 2052 2915 Αἰσχίνου,
2083 2866 2194 2915 φησὶν
2221 2863 2441 2914 Ἰσχάνδρου
2460 2867 2527 2902 τοῦ
2551 2864 2744 2913 τραγῳδο-

1464 2927 1578 2962 ποιοῦ
1590 2924 1885 2973 τριταγωνιστὴν
1908 2925 2082 2973 γενέσθαι
2101 2924 2165 2963 τὸν
2179 2924 2247 2962 Aio
2253 2923 2361 2972 χίνην
2375 2923 2439 2960 καὶ
2453 2922 2745 2972 ὑποκρινόμενον

1467 2981 1661 3031 Οἰνόμαον
1678 2981 1865 3020 διώκοντα
1880 2982 2037 3021 Πέλοπα
2049 2982 2216 3031 αἰσχρῶς
2229 2984 2357 3019 πεσεῖν
2374 2981 2438 3018 καὶ
2452 2979 2658 3026 ἀναστῆναι
2669 2981 2748 3019 ὑπὸ

1467 3039 1676 3084 Σαννίωνος
1707 3043 1775 3077 τοῦ
1813 3040 2138 3090 χοροδιδασκάλου
2173 3038 2331 3085 (ἐνθένδ’
2359 3037 2424 3077 οὗν
2449 3039 2470 3076 ὁ
2502 3039 2742 3088 Δημοσθένης

1468 3098 1662 3148 Οἰνόμαον
1682 3097 1795 3136 αὐτὸν
1826 3097 2022 3147 ὀνομάζει,
2042 3098 2133 3148 πρὸς
2154 3096 2297 3140 εἰδότας
2326 3096 2370 3134 τὸ
2395 3099 2553 3146 πρᾶγμα
2584 3096 2746 3133 ἐπισκώ-

1466 3169 1572 3194 πτων
1581 3155 1610 3204 ),
1621 3156 1686 3194 καὶ
1699 3155 1794 3205 μετὰ
1807 3155 2030 3204 Σωκράτους
2046 3156 2109 3194 καὶ
2124 3155 2287 3204 Σιμύλου
2299 3157 2374 3192 τῶν
2390 3157 2520 3191 κακῶν
2536 3154 2748 3202 ὑποκριτῶν

1467 3213 1630 3252 ἀλᾶσθαι
1652 3212 1895 3263 κατ’ἀγρούς.
1912 3213 1973 3252 ct.
1992 3211 2291 3262 Harpocration.
2307 3222 2345 3250 v.
2365 3211 2597 3261 Ἰσχανδρος·
2616 3214 2747 3259 Δημο-

1467 3271 1598 3316 σθένης
1615 3269 1700 3309 κατ’
1723 3270 1921 3320 Αἰσχίνου·
1951 3271 2127 3321 τραγικὸς
2145 3268 2347 3320 ὑποκριτὴς
2368 3269 2389 3306 ὁ
2413 3266 2629 3317 Ἱσχανδρός
2651 3266 2743 3304 ἐστι.

1467 3331 1583 3367 Δοκεῖ
1591 3328 1623 3366 δ’
1639 3329 1742 3378 αὐτῷ
1759 3328 2121 3378 συνυποκρινόμενος
2144 3327 2323 3376 Αἰσχίνης
2334 3327 2354 3363 ὁ
2373 3326 2496 3375 ῥήτωρ
2516 3325 2553 3363 ἐν
2569 3324 2744 3370 Κολλυτῷ

1468 3389 1714 3433 καταπεσεῖν,
1731 3385 1833 3424 καθά
1848 3399 1939 3436 φησι
1956 3385 2183 3436 Δημοχάρης
2193 3385 2231 3423 ἐν
2246 3387 2324 3427 τοῖς
2334 3382 2545 3431 Διαλόγοις.
2562 3381 2633 3420 Ubi
2643 3379 2745 3419 istud

1470 3444 1508 3482 ἐν
1525 3443 1723 3490 Διαλόγοις
1745 3453 1905 3492 gravem
1934 3442 2168 3492 corruptelae
2188 3440 2447 3491 suspicionem
2469 3438 2639 3487 praebere
2653 3449 2742 3487 pro·

1467 3502 1552 3550 pter
1567 3500 1698 3538 locum
1717 3499 1916 3538 Plutarchi
1943 3499 2042 3538 bene
2057 3500 2190 3538 monet
2214 3497 2417 3537 Ruhnken.
2441 3495 2488 3534 ad
2510 3495 2627 3535 Rutil.
2647 3497 2741 3544 Lup-

1468 3560 1507 3604 1,
1530 3563 1551 3596 2
1573 3556 1624 3606 (p
1641 3561 1687 3597 87
1713 3557 1774 3596 ed.
1797 3557 1995 3605 Frosch.),
2031 3568 2111 3607 quo
2138 3557 2225 3595 loco
2245 3566 2295 3594 ex
2314 3554 2488 3593 oratione
2507 3551 2669 3602 quadam
2694 3555 2740 3590 D.

1468 3615 1640 3655 citantur
1660 3615 1746 3653 haec
1781 3630 1790 3653 ε
1831 3614 2104 3654 Demochares
2133 3628 2146 3652 .-
2180 3629 2199 3646 «
2241 3614 2349 3652 Nam
2375 3613 2471 3662 quis
2498 3610 2586 3648 lioec
2614 3607 2745 3646 simul

1467 3674 1667 3711 universa
1684 3674 1845 3722 perpeti
1862 3674 2009 3722 possit,
2030 3674 2234 3718 timorem,
2251 3668 2452 3710 morbum,
2475 3668 2738 3706 senectutem,

1467 3728 1786 3775 contumeliam,
1809 3731 2018 3779 inoptam,
2043 3731 2164 3768 vim?
2182 3735 2367 3778 qnarwn
2388 3726 2544 3774 quoevis
2564 3732 2649 3760 una
2673 3731 2739 3759 res

1466 3797 1543 3837 per
1557 3797 1600 3826 se
1614 3788 1719 3826 salis
1728 3788 1789 3825 esc
1799 3788 1942 3835 qravis
1956 3785 2017 3826 ad
2027 3784 2303 3836 efficiendum.
2319 3799 2337 3816 ι»
2350 3781 2452 3822 ldem
2470 3782 2501 3829 l,
2515 3784 2556 3818 21
2573 3794 2582 3817 :
2604 3781 2740 3834 Demo·

1467 3843 1618 3884 chares
1649 3854 1661 3880 .·
1687 3859 1707 3878 «
1745 3843 1863 3883 Nihil
1892 3845 2004 3883 enim
2031 3842 2202 3882 valebat
2221 3838 2397 3879 assidua
2421 3846 2498 3887 pro
2524 3834 2663 3877 tratre
2679 3843 2740 3896 ‘ae

1468 3903 1702 3940 misericors
1719 3899 1975 3951 deprecatio,
1993 3910 2123 3951 quum
2130 3897 2347 3948 judicaret
2363 3897 2566 3943 tyrannus
2579 3920 2590 3937 ,
2618 3899 2739 3939 ceques

1470 3958 1702 3998 crudelitas
1710 3968 1773 3997 om
1780 3968 1874 3997 nem
1886 3961 2059 3997 natura*
2069 3952 2411 3996 necessitudinem
2421 3945 2702 3996 excomm-bat.
2718 3961 2739 3978 ·-

1520 4016 1571 4065 (*)
1594 4018 1650 4055 De
1667 4025 1716 4054 eo
1732 4015 1821 4054 vide
1841 4015 2000 4064 Dionys.
2018 4013 2198 4054 Dinarch.
2221 4022 2254 4048 c.
2275 4014 2335 4055 tt;
2356 4005 2551 4047 Plutarch.
2576 4006 2606 4042 Χ
2626 4005 2733 4041 Orat.

1472 4084 1510 4123 p.
1530 4075 1680 4121 842,D;
1693 4073 1899 4111 Ruhnken.
1912 4072 1960 4111 ad
1980 4073 2071 4111 hut.
2086 4073 2180 4119 Lup.
2197 4068 2222 4106 Ι.
2238 4067 2283 4111 1.;
2297 4066 2580 4125 Westermann.
2596 4058 2735 4099 Gesclt.

1472 4131 1513 4171 d.
1529 4141 1594 4180 qr.
1614 4130 1816 4180 Bereds.p
1835 4136 1918 4171 100.
1929 4141 1964 4169 n.
1982 4134 2043 4169 31.
2064 4131 2119 4167 De
2136 4122 2347 4166 Archedico
2359 4131 2396 4160 v.
2415 4117 2576 4157 Mennek-
2601 4116 2734 4164 smssm·

1474 4191 1586 4229 eon..
1609 4190 1621 4227 Ι
1641 4218 1651 4237 ,
1672 4199 1711 4238 p.
1734 4190 1822 4227 458.
