<?xml version="1.0" encoding="UTF-8"?>
<!DOCTYPE html PUBLIC "-//W3C//DTD XHTML 1.0 Transitional//EN"
    "http://www.w3.org/TR/xhtml1/DTD/xhtml1-transitional.dtd">
<html xmlns="http://www.w3.org/1999/xhtml" xml:lang="en" lang="en">
 <head>
  <title>
</title>
<meta http-equiv="Content-Type" content="text/html;charset=utf-8" />
  <meta name='ocr-system' content='tesseract 3.04.00' />
  <meta name='ocr-capabilities' content='ocr_page ocr_carea ocr_par ocr_line ocrx_word'/>
</head>
<body>
  <div class='ocr_page' id='page_1' title='image "./fragmentahistori02mueluoft_0488.png"; bbox 0 0 3016 4628; ppageno 0'>
   <div class='ocr_carea' id='block_1_1' title="bbox 224 307 312 344">
    <p class='ocr_par' dir='ltr' id='par_1_1' title="bbox 224 307 312 344">
     <span class='ocr_line' id='line_1_1' title="bbox 224 307 312 344; baseline -0.023 0"><span class='ocrx_word' id='word_1_1' title='bbox 224 308 244 344; x_wconf 73' lang='lat'>-1</span> <span class='ocrx_word' id='word_1_2' title='bbox 258 307 312 343; x_wconf 69' lang='lat'>:313</span> 
     </span>
    </p>
   </div>
   <div class='ocr_carea' id='block_1_2' title="bbox 217 470 1565 2867">
    <p class='ocr_par' dir='ltr' id='par_1_2' title="bbox 217 470 1518 2274">
     <span class='ocr_line' id='line_1_2' title="bbox 222 470 1518 536; baseline -0.003 -14"><span class='ocrx_word' id='word_1_3' title='bbox 222 470 328 522; x_wconf 68' lang='grc' dir='ltr'>εἶναι</span> <span class='ocrx_word' id='word_1_4' title='bbox 345 475 606 535; x_wconf 78' lang='grc' dir='ltr'>νομίζεσθαι.</span> <span class='ocrx_word' id='word_1_5' title='bbox 628 472 752 522; x_wconf 84' lang='grc' dir='ltr'>Μετὰ</span> <span class='ocrx_word' id='word_1_6' title='bbox 774 474 816 520; x_wconf 82' lang='grc' dir='ltr'>δὲ</span> <span class='ocrx_word' id='word_1_7' title='bbox 836 472 910 530; x_wconf 81' lang='grc' dir='ltr'>τὴν</span> <span class='ocrx_word' id='word_1_8' title='bbox 924 473 1085 536; x_wconf 86' lang='grc' dir='ltr'>γένεσιν</span> <span class='ocrx_word' id='word_1_9' title='bbox 1107 472 1259 527; x_wconf 80' lang='grc' dir='ltr'>ἄλλους</span> <span class='ocrx_word' id='word_1_10' title='bbox 1272 472 1345 519; x_wconf 74' lang='grc' dir='ltr'>καὶ</span> <span class='ocrx_word' id='word_1_11' title='bbox 1363 473 1518 524; x_wconf 82' lang='grc' dir='ltr'>ἄλλους</span> 
     </span>
     <span class='ocr_line' id='line_1_3' title="bbox 223 544 1516 611; baseline -0.004 -17"><span class='ocrx_word' id='word_1_12' title='bbox 223 547 494 611; x_wconf 71' lang='grc' dir='ltr'>διαδέχεσθαι</span> <span class='ocrx_word' id='word_1_13' title='bbox 518 547 594 603; x_wconf 84' lang='grc' dir='ltr'>τὴν</span> <span class='ocrx_word' id='word_1_14' title='bbox 626 545 893 608; x_wconf 77' lang='grc' dir='ltr'>ἐπιμέλειαν,</span> <span class='ocrx_word' id='word_1_15' title='bbox 919 545 983 592; x_wconf 77' lang='grc' dir='ltr'>ἀεὶ</span> <span class='ocrx_word' id='word_1_16' title='bbox 1018 548 1094 600; x_wconf 76' lang='grc' dir='ltr'>τῆς</span> <span class='ocrx_word' id='word_1_17' title='bbox 1128 544 1315 607; x_wconf 85' lang='grc' dir='ltr'>μείζονος</span> <span class='ocrx_word' id='word_1_18' title='bbox 1350 546 1516 601; x_wconf 83' lang='grc' dir='ltr'>ἡλικίας</span> 
     </span>
     <span class='ocr_line' id='line_1_4' title="bbox 217 614 1516 684; baseline -0.005 -16"><span class='ocrx_word' id='word_1_19' title='bbox 217 619 510 684; x_wconf 79' lang='grc' dir='ltr'>,χαριεστέρων</span> <span class='ocrx_word' id='word_1_20' title='bbox 547 618 841 683; x_wconf 74' lang='grc' dir='ltr'>τυγχανούσης</span> <span class='ocrx_word' id='word_1_21' title='bbox 877 617 1164 666; x_wconf 72' lang='grc' dir='ltr'>διδασκάλοιν.</span> <span class='ocrx_word' id='word_1_22' title='bbox 1197 615 1440 679; x_wconf 71' lang='grc' dir='ltr'>Διατρίὸειν</span> <span class='ocrx_word' id='word_1_23' title='bbox 1473 614 1516 661; x_wconf 86' lang='lat'>63</span> 
     </span>
     <span class='ocr_line' id='line_1_5' title="bbox 222 686 1516 757; baseline -0.005 -18"><span class='ocrx_word' id='word_1_24' title='bbox 222 691 316 746; x_wconf 74' lang='grc' dir='ltr'>τοὺς</span> <span class='ocrx_word' id='word_1_25' title='bbox 336 691 587 757; x_wconf 77' lang='grc' dir='ltr'>φιλοσόφους</span> <span class='ocrx_word' id='word_1_26' title='bbox 603 693 645 738; x_wconf 83' lang='grc' dir='ltr'>ἐν</span> <span class='ocrx_word' id='word_1_27' title='bbox 665 690 787 738; x_wconf 83' lang='grc' dir='ltr'>ἄλσει</span> <span class='ocrx_word' id='word_1_28' title='bbox 805 690 888 755; x_wconf 78' lang='grc' dir='ltr'>πρὸ</span> <span class='ocrx_word' id='word_1_29' title='bbox 905 693 978 748; x_wconf 79' lang='grc' dir='ltr'>τῆς</span> <span class='ocrx_word' id='word_1_30' title='bbox 995 689 1180 747; x_wconf 86' lang='grc' dir='ltr'>πόλεως,</span> <span class='ocrx_word' id='word_1_31' title='bbox 1199 690 1281 735; x_wconf 83' lang='grc' dir='ltr'>ὑπὸ</span> <span class='ocrx_word' id='word_1_32' title='bbox 1299 686 1516 752; x_wconf 75' lang='grc' dir='ltr'>περιὸόλῳ</span> 
     </span>
     <span class='ocr_line' id='line_1_6' title="bbox 224 760 1515 829; baseline -0.007 -17"><span class='ocrx_word' id='word_1_33' title='bbox 224 765 478 829; x_wconf 82' lang='grc' dir='ltr'>συμμέτρῳ,</span> <span class='ocrx_word' id='word_1_34' title='bbox 503 766 630 817; x_wconf 81' lang='grc' dir='ltr'>λιτῶς</span> <span class='ocrx_word' id='word_1_35' title='bbox 650 766 810 819; x_wconf 87' lang='grc' dir='ltr'>ζῶντας</span> <span class='ocrx_word' id='word_1_36' title='bbox 834 765 876 809; x_wconf 83' lang='grc' dir='ltr'>ἐν</span> <span class='ocrx_word' id='word_1_37' title='bbox 902 761 1074 809; x_wconf 69' lang='grc' dir='ltr'>στιὸάσι</span> <span class='ocrx_word' id='word_1_38' title='bbox 1099 760 1171 807; x_wconf 82' lang='grc' dir='ltr'>καὶ</span> <span class='ocrx_word' id='word_1_39' title='bbox 1207 761 1374 823; x_wconf 81' lang='grc' dir='ltr'>δοραῖς,</span> <span class='ocrx_word' id='word_1_40' title='bbox 1404 761 1515 804; x_wconf 89' lang='grc' dir='ltr'>ἀπε-</span> 
     </span>
     <span class='ocr_line' id='line_1_7' title="bbox 223 829 1514 903; baseline -0.007 -19"><span class='ocrx_word' id='word_1_41' title='bbox 223 837 427 903; x_wconf 88' lang='grc' dir='ltr'>χομένους</span> <span class='ocrx_word' id='word_1_42' title='bbox 452 837 662 902; x_wconf 70' lang='grc' dir='ltr'>ἐμψύχων</span> <span class='ocrx_word' id='word_1_43' title='bbox 680 835 754 883; x_wconf 87' lang='grc' dir='ltr'>καὶ</span> <span class='ocrx_word' id='word_1_44' title='bbox 776 834 1045 900; x_wconf 76' lang='grc' dir='ltr'>ἀφροδισίων,</span> <span class='ocrx_word' id='word_1_45' title='bbox 1067 831 1358 895; x_wconf 82' lang='grc' dir='ltr'>ἀκροωμένους</span> <span class='ocrx_word' id='word_1_46' title='bbox 1377 829 1514 892; x_wconf 87' lang='grc' dir='ltr'>λόγων</span> 
     </span>
     <span class='ocr_line' id='line_1_8' title="bbox 224 904 1514 970; baseline -0.007 -13"><span class='ocrx_word' id='word_1_47' title='bbox 224 910 483 968; x_wconf 82' lang='grc' dir='ltr'>σπουδαίων,</span> <span class='ocrx_word' id='word_1_48' title='bbox 505 909 806 970; x_wconf 83' lang='grc' dir='ltr'>μεταδιδόντας</span> <span class='ocrx_word' id='word_1_49' title='bbox 819 908 891 955; x_wconf 76' lang='grc' dir='ltr'>καὶ</span> <span class='ocrx_word' id='word_1_50' title='bbox 910 914 996 960; x_wconf 87' lang='grc' dir='ltr'>τοῖς</span> <span class='ocrx_word' id='word_1_51' title='bbox 1013 906 1224 952; x_wconf 83' lang='grc' dir='ltr'>ἐθέλουσι·</span> <span class='ocrx_word' id='word_1_52' title='bbox 1246 904 1316 950; x_wconf 84' lang='grc' dir='ltr'>τὸν</span> <span class='ocrx_word' id='word_1_53' title='bbox 1337 905 1374 950; x_wconf 90' lang='grc' dir='ltr'>δ’</span> <span class='ocrx_word' id='word_1_54' title='bbox 1390 905 1514 965; x_wconf 86' lang='grc' dir='ltr'>ἀκρο·</span> 
     </span>
     <span class='ocr_line' id='line_1_9' title="bbox 223 974 1514 1044; baseline -0.006 -16"><span class='ocrx_word' id='word_1_55' title='bbox 223 984 386 1044; x_wconf 81' lang='grc' dir='ltr'>ώμενον</span> <span class='ocrx_word' id='word_1_56' title='bbox 411 981 506 1030; x_wconf 85' lang='grc' dir='ltr'>οὔτε</span> <span class='ocrx_word' id='word_1_57' title='bbox 548 985 736 1039; x_wconf 74' lang='grc' dir='ltr'>λαλῆσαι</span> <span class='ocrx_word' id='word_1_58' title='bbox 771 980 916 1042; x_wconf 80' lang='grc' dir='ltr'>θέμις,</span> <span class='ocrx_word' id='word_1_59' title='bbox 959 979 1053 1026; x_wconf 75' lang='grc' dir='ltr'>οὔτε</span> <span class='ocrx_word' id='word_1_60' title='bbox 1084 976 1384 1042; x_wconf 81' lang='grc' dir='ltr'>χρέμψασθαι,</span> <span class='ocrx_word' id='word_1_61' title='bbox 1419 974 1514 1022; x_wconf 89' lang='grc' dir='ltr'>ἀλλ’</span> 
     </span>
     <span class='ocr_line' id='line_1_10' title="bbox 222 1046 1515 1112; baseline -0.008 -10"><span class='ocrx_word' id='word_1_62' title='bbox 222 1055 318 1104; x_wconf 75' lang='grc' dir='ltr'>οὐδὲ</span> <span class='ocrx_word' id='word_1_63' title='bbox 342 1055 523 1102; x_wconf 82' lang='grc' dir='ltr'>πτύσαι·</span> <span class='ocrx_word' id='word_1_64' title='bbox 547 1053 574 1112; x_wconf 76' lang='grc' dir='ltr'>ἢ</span> <span class='ocrx_word' id='word_1_65' title='bbox 597 1054 882 1102; x_wconf 67' lang='grc' dir='ltr'>ἐκὸάλλεσθαι</span> <span class='ocrx_word' id='word_1_66' title='bbox 906 1055 980 1109; x_wconf 71' lang='grc' dir='ltr'>τῆς</span> <span class='ocrx_word' id='word_1_67' title='bbox 1006 1049 1226 1101; x_wconf 82' lang='grc' dir='ltr'>συνουσίας</span> <span class='ocrx_word' id='word_1_68' title='bbox 1250 1047 1326 1105; x_wconf 83' lang='grc' dir='ltr'>τὴν</span> <span class='ocrx_word' id='word_1_69' title='bbox 1348 1046 1515 1112; x_wconf 84' lang='grc' dir='ltr'>ἡμέραν</span> 
     </span>
     <span class='ocr_line' id='line_1_11' title="bbox 223 1119 1515 1186; baseline -0.006 -12"><span class='ocrx_word' id='word_1_70' title='bbox 223 1128 404 1186; x_wconf 78' lang='grc' dir='ltr'>ἐκείνην,</span> <span class='ocrx_word' id='word_1_71' title='bbox 438 1131 494 1182; x_wconf 78' lang='grc' dir='ltr'>ὡς</span> <span class='ocrx_word' id='word_1_72' title='bbox 525 1126 904 1175; x_wconf 88' lang='grc' dir='ltr'>ἀκολασταίνοντα.</span> <span class='ocrx_word' id='word_1_73' title='bbox 940 1122 1052 1180; x_wconf 83' lang='grc' dir='ltr'>’Έτη</span> <span class='ocrx_word' id='word_1_74' title='bbox 1080 1122 1113 1168; x_wconf 90' lang='grc' dir='ltr'>δ’</span> <span class='ocrx_word' id='word_1_75' title='bbox 1150 1119 1259 1168; x_wconf 80' lang='grc' dir='ltr'>ἑπτὰ</span> <span class='ocrx_word' id='word_1_76' title='bbox 1291 1120 1365 1167; x_wconf 82' lang='grc' dir='ltr'>καὶ</span> <span class='ocrx_word' id='word_1_77' title='bbox 1388 1120 1515 1186; x_wconf 83' lang='grc' dir='ltr'>τριά-</span> 
     </span>
     <span class='ocr_line' id='line_1_12' title="bbox 224 1194 1514 1288; baseline -0.008 -40"><span class='ocrx_word' id='word_1_78' title='bbox 224 1220 352 1248; x_wconf 85' lang='grc' dir='ltr'>κοντα</span> <span class='ocrx_word' id='word_1_79' title='bbox 379 1199 510 1254; x_wconf 79' lang='grc' dir='ltr'>οὕτως</span> <span class='ocrx_word' id='word_1_80' title='bbox 537 1200 725 1257; x_wconf 75' lang='grc' dir='ltr'>ζήσαντα</span> <span class='ocrx_word' id='word_1_81' title='bbox 749 1201 986 1288; x_wconf 79' lang='grc' dir='ltr'>ἀναχωρεῖν</span> <span class='ocrx_word' id='word_1_82' title='bbox 1011 1198 1067 1248; x_wconf 83' lang='grc' dir='ltr'>εἷς</span> <span class='ocrx_word' id='word_1_83' title='bbox 1088 1194 1164 1251; x_wconf 84' lang='grc' dir='ltr'>τὴν</span> <span class='ocrx_word' id='word_1_84' title='bbox 1190 1197 1342 1240; x_wconf 80' lang='grc' dir='ltr'>ἑαυτοῦ</span> <span class='ocrx_word' id='word_1_85' title='bbox 1363 1196 1514 1250; x_wconf 73' lang='grc' dir='ltr'>κτῆσιν</span> 
     </span>
     <span class='ocr_line' id='line_1_13' title="bbox 223 1264 1516 1332; baseline -0.006 -12"><span class='ocrx_word' id='word_1_86' title='bbox 223 1273 416 1332; x_wconf 77' lang='grc' dir='ltr'>ἕκαστον,</span> <span class='ocrx_word' id='word_1_87' title='bbox 437 1293 508 1321; x_wconf 89' lang='grc' dir='ltr'>και</span> <span class='ocrx_word' id='word_1_88' title='bbox 534 1276 607 1330; x_wconf 90' lang='grc' dir='ltr'>ζην</span> <span class='ocrx_word' id='word_1_89' title='bbox 636 1274 766 1324; x_wconf 86' lang='grc' dir='ltr'>ἀδεῶς</span> <span class='ocrx_word' id='word_1_90' title='bbox 786 1290 856 1317; x_wconf 85' lang='grc' dir='ltr'>και</span> <span class='ocrx_word' id='word_1_91' title='bbox 881 1267 1111 1331; x_wconf 81' lang='grc' dir='ltr'>ἀνειμένως</span> <span class='ocrx_word' id='word_1_92' title='bbox 1133 1264 1312 1328; x_wconf 76' lang='grc' dir='ltr'>μᾶλλον,</span> <span class='ocrx_word' id='word_1_93' title='bbox 1331 1267 1516 1313; x_wconf 87' lang='grc' dir='ltr'>σινδονο-</span> 
     </span>
     <span class='ocr_line' id='line_1_14' title="bbox 223 1338 1515 1435; baseline -0.006 -40.994"><span class='ocrx_word' id='word_1_94' title='bbox 223 1351 449 1435; x_wconf 72' lang='grc' dir='ltr'>φοροῦντα</span> <span class='ocrx_word' id='word_1_95' title='bbox 468 1366 541 1393; x_wconf 90' lang='grc' dir='ltr'>και</span> <span class='ocrx_word' id='word_1_96' title='bbox 573 1361 917 1410; x_wconf 79' lang='grc' dir='ltr'>χρυσοφορουντα</span> <span class='ocrx_word' id='word_1_97' title='bbox 973 1339 1154 1404; x_wconf 88' lang='grc' dir='ltr'>μετρίως</span> <span class='ocrx_word' id='word_1_98' title='bbox 1192 1341 1234 1385; x_wconf 82' lang='grc' dir='ltr'>ἐν</span> <span class='ocrx_word' id='word_1_99' title='bbox 1269 1342 1360 1392; x_wconf 87' lang='grc' dir='ltr'>ταῒς</span> <span class='ocrx_word' id='word_1_100' title='bbox 1390 1338 1515 1403; x_wconf 79' lang='grc' dir='ltr'>χερσὶ</span> 
     </span>
     <span class='ocr_line' id='line_1_15' title="bbox 222 1411 1513 1482; baseline -0.007 -16"><span class='ocrx_word' id='word_1_101' title='bbox 222 1421 294 1466; x_wconf 77' lang='grc' dir='ltr'>καὶ</span> <span class='ocrx_word' id='word_1_102' title='bbox 319 1427 405 1473; x_wconf 87' lang='grc' dir='ltr'>τοῖς</span> <span class='ocrx_word' id='word_1_103' title='bbox 426 1419 528 1476; x_wconf 82' lang='grc' dir='ltr'>ὠσὶ,</span> <span class='ocrx_word' id='word_1_104' title='bbox 554 1416 895 1482; x_wconf 86' lang='grc' dir='ltr'>προσφερόμενον</span> <span class='ocrx_word' id='word_1_105' title='bbox 923 1432 1084 1478; x_wconf 89' lang='grc' dir='ltr'>σαρκας</span> <span class='ocrx_word' id='word_1_106' title='bbox 1111 1431 1194 1459; x_wconf 78' lang='grc' dir='ltr'>των</span> <span class='ocrx_word' id='word_1_107' title='bbox 1222 1411 1282 1474; x_wconf 89' lang='grc' dir='ltr'>μὴ</span> <span class='ocrx_word' id='word_1_108' title='bbox 1307 1411 1412 1477; x_wconf 84' lang='grc' dir='ltr'>πρὸς</span> <span class='ocrx_word' id='word_1_109' title='bbox 1435 1411 1513 1470; x_wconf 79' lang='grc' dir='ltr'>τὴν</span> 
     </span>
     <span class='ocr_line' id='line_1_16' title="bbox 221 1483 1514 1556; baseline -0.005 -17"><span class='ocrx_word' id='word_1_110' title='bbox 221 1492 369 1556; x_wconf 63' lang='grc' dir='ltr'>χρείαν</span> <span class='ocrx_word' id='word_1_111' title='bbox 392 1494 600 1556; x_wconf 77' lang='grc' dir='ltr'>συνεργῶν</span> <span class='ocrx_word' id='word_1_112' title='bbox 625 1488 756 1554; x_wconf 80' lang='grc' dir='ltr'>ζώων,</span> <span class='ocrx_word' id='word_1_113' title='bbox 781 1486 963 1551; x_wconf 88' lang='grc' dir='ltr'>δριμέων</span> <span class='ocrx_word' id='word_1_114' title='bbox 988 1485 1060 1533; x_wconf 81' lang='grc' dir='ltr'>καὶ</span> <span class='ocrx_word' id='word_1_115' title='bbox 1079 1487 1271 1550; x_wconf 77' lang='grc' dir='ltr'>ἀρτυτων</span> <span class='ocrx_word' id='word_1_116' title='bbox 1293 1483 1514 1549; x_wconf 88' lang='grc' dir='ltr'>ἀπεχόμε-</span> 
     </span>
     <span class='ocr_line' id='line_1_17' title="bbox 221 1556 1515 1627; baseline -0.005 -16"><span class='ocrx_word' id='word_1_117' title='bbox 221 1584 313 1611; x_wconf 82' lang='grc' dir='ltr'>νον</span> <span class='ocrx_word' id='word_1_118' title='bbox 335 1571 489 1627; x_wconf 85' lang='grc' dir='ltr'>γαμεῖν</span> <span class='ocrx_word' id='word_1_119' title='bbox 511 1563 545 1610; x_wconf 91' lang='grc' dir='ltr'>δ’</span> <span class='ocrx_word' id='word_1_120' title='bbox 566 1562 630 1609; x_wconf 77' lang='grc' dir='ltr'>ὅτι</span> <span class='ocrx_word' id='word_1_121' title='bbox 652 1561 852 1613; x_wconf 84' lang='grc' dir='ltr'>πλείστας</span> <span class='ocrx_word' id='word_1_122' title='bbox 877 1561 934 1613; x_wconf 86' lang='grc' dir='ltr'>εἷς</span> <span class='ocrx_word' id='word_1_123' title='bbox 950 1556 1254 1605; x_wconf 86' lang='grc' dir='ltr'>πολυτεκνίαν·</span> <span class='ocrx_word' id='word_1_124' title='bbox 1276 1559 1324 1605; x_wconf 78' lang='grc' dir='ltr'>ἐκ</span> <span class='ocrx_word' id='word_1_125' title='bbox 1343 1559 1515 1605; x_wconf 83' lang='grc' dir='ltr'>πολλῶν</span> 
     </span>
     <span class='ocr_line' id='line_1_18' title="bbox 220 1623 1515 1702; baseline -0.005 -17.923"><span class='ocrx_word' id='word_1_126' title='bbox 220 1638 303 1702; x_wconf 82' lang='grc' dir='ltr'>γὰρ</span> <span class='ocrx_word' id='word_1_127' title='bbox 324 1638 396 1684; x_wconf 86' lang='grc' dir='ltr'>καὶ</span> <span class='ocrx_word' id='word_1_128' title='bbox 421 1635 474 1684; x_wconf 82' lang='grc' dir='ltr'>τὰ</span> <span class='ocrx_word' id='word_1_129' title='bbox 496 1636 707 1683; x_wconf 88' lang='grc' dir='ltr'>σπουδαῖα</span> <span class='ocrx_word' id='word_1_130' title='bbox 733 1633 867 1680; x_wconf 85' lang='grc' dir='ltr'>πλείω</span> <span class='ocrx_word' id='word_1_131' title='bbox 887 1631 1077 1696; x_wconf 87' lang='grc' dir='ltr'>γίνεσθαι</span> <span class='ocrx_word' id='word_1_132' title='bbox 1103 1630 1175 1678; x_wconf 82' lang='grc' dir='ltr'>ἄν·</span> <span class='ocrx_word' id='word_1_133' title='bbox 1203 1629 1397 1685; x_wconf 88' lang='grc' dir='ltr'>ἀδούλοις</span> <span class='ocrx_word' id='word_1_134' title='bbox 1420 1623 1515 1678; x_wconf 84' lang='grc' dir='ltr'>οὖσί</span> 
     </span>
     <span class='ocr_line' id='line_1_19' title="bbox 222 1703 1515 1771; baseline -0.005 -14"><span class='ocrx_word' id='word_1_135' title='bbox 222 1731 264 1757; x_wconf 89' lang='grc' dir='ltr'>τε</span> <span class='ocrx_word' id='word_1_136' title='bbox 304 1710 379 1768; x_wconf 75' lang='grc' dir='ltr'>τὴν</span> <span class='ocrx_word' id='word_1_137' title='bbox 423 1712 470 1756; x_wconf 84' lang='grc' dir='ltr'>ἐκ</span> <span class='ocrx_word' id='word_1_138' title='bbox 503 1708 658 1756; x_wconf 85' lang='grc' dir='ltr'>τέκνων</span> <span class='ocrx_word' id='word_1_139' title='bbox 687 1710 818 1771; x_wconf 86' lang='grc' dir='ltr'>υπηρε</span> <span class='ocrx_word' id='word_1_140' title='bbox 803 1704 918 1752; x_wconf 85' lang='grc' dir='ltr'>σίαν</span> <span class='ocrx_word' id='word_1_141' title='bbox 951 1704 1173 1769; x_wconf 81' lang='grc' dir='ltr'>ἐγγυτάτω</span> <span class='ocrx_word' id='word_1_142' title='bbox 1211 1708 1342 1752; x_wconf 77' lang='grc' dir='ltr'>οὖσαν</span> <span class='ocrx_word' id='word_1_143' title='bbox 1378 1703 1515 1752; x_wconf 87' lang='grc' dir='ltr'>πλείω</span> 
     </span>
     <span class='ocr_line' id='line_1_20' title="bbox 222 1776 1516 1847; baseline -0.005 -17"><span class='ocrx_word' id='word_1_144' title='bbox 222 1785 307 1842; x_wconf 80' lang='grc' dir='ltr'>δεῖν</span> <span class='ocrx_word' id='word_1_145' title='bbox 325 1781 739 1847; x_wconf 83' lang='grc' dir='ltr'>παρασκευάζεσθαι.</span> <span class='ocrx_word' id='word_1_146' title='bbox 813 1779 964 1827; x_wconf 73' lang='grc' dir='ltr'>Ταῖς</span> <span class='ocrx_word' id='word_1_147' title='bbox 942 1778 986 1825; x_wconf 90' lang='lat'>03</span> <span class='ocrx_word' id='word_1_148' title='bbox 1010 1776 1176 1842; x_wconf 83' lang='grc' dir='ltr'>γυναιξι</span> <span class='ocrx_word' id='word_1_149' title='bbox 1193 1780 1285 1831; x_wconf 87' lang='grc' dir='ltr'>ταῖς</span> <span class='ocrx_word' id='word_1_150' title='bbox 1304 1779 1516 1841; x_wconf 86' lang='grc' dir='ltr'>γαμεταῖς</span> 
     </span>
     <span class='ocr_line' id='line_1_21' title="bbox 223 1848 1515 1921; baseline -0.004 -19"><span class='ocrx_word' id='word_1_151' title='bbox 223 1855 283 1916; x_wconf 77' lang='grc' dir='ltr'>μὴ</span> <span class='ocrx_word' id='word_1_152' title='bbox 317 1857 646 1921; x_wconf 71' lang='grc' dir='ltr'>συμφιλοσοφεῖν</span> <span class='ocrx_word' id='word_1_153' title='bbox 676 1852 771 1906; x_wconf 79' lang='grc' dir='ltr'>τοὺς</span> <span class='ocrx_word' id='word_1_154' title='bbox 806 1855 1095 1916; x_wconf 81' lang='grc' dir='ltr'>Βραχμᾶνας·</span> <span class='ocrx_word' id='word_1_155' title='bbox 1133 1853 1169 1897; x_wconf 84' lang='grc' dir='ltr'>εἷ</span> <span class='ocrx_word' id='word_1_156' title='bbox 1194 1848 1271 1913; x_wconf 83' lang='grc' dir='ltr'>μὲν</span> <span class='ocrx_word' id='word_1_157' title='bbox 1299 1851 1515 1914; x_wconf 85' lang='grc' dir='ltr'>μοχθηραὶ</span> 
     </span>
     <span class='ocr_line' id='line_1_22' title="bbox 220 1921 1516 1991; baseline -0.004 -16"><span class='ocrx_word' id='word_1_158' title='bbox 220 1929 430 1991; x_wconf 85' lang='grc' dir='ltr'>γένοιντο,</span> <span class='ocrx_word' id='word_1_159' title='bbox 452 1926 522 1973; x_wconf 74' lang='grc' dir='ltr'>ἵνα</span> <span class='ocrx_word' id='word_1_160' title='bbox 545 1926 604 1989; x_wconf 79' lang='grc' dir='ltr'>μή</span> <span class='ocrx_word' id='word_1_161' title='bbox 635 1945 674 1972; x_wconf 91' lang='grc' dir='ltr'>τι</span> <span class='ocrx_word' id='word_1_162' title='bbox 694 1928 777 1973; x_wconf 85' lang='grc' dir='ltr'>τῶν</span> <span class='ocrx_word' id='word_1_163' title='bbox 807 1926 853 1972; x_wconf 81' lang='grc' dir='ltr'>οὗ</span> <span class='ocrx_word' id='word_1_164' title='bbox 886 1927 1068 1986; x_wconf 84' lang='grc' dir='ltr'>θεμιτῶν</span> <span class='ocrx_word' id='word_1_165' title='bbox 1099 1922 1313 1989; x_wconf 80' lang='grc' dir='ltr'>ε’κφέροιεν</span> <span class='ocrx_word' id='word_1_166' title='bbox 1339 1925 1397 1976; x_wconf 86' lang='grc' dir='ltr'>εἷς</span> <span class='ocrx_word' id='word_1_167' title='bbox 1419 1921 1516 1977; x_wconf 81' lang='grc' dir='ltr'>τοὺς</span> 
     </span>
     <span class='ocr_line' id='line_1_23' title="bbox 221 1995 1513 2066; baseline -0.004 -17.981"><span class='ocrx_word' id='word_1_168' title='bbox 221 2001 449 2066; x_wconf 63' lang='grc' dir='ltr'>Θεῧήλους,</span> <span class='ocrx_word' id='word_1_169' title='bbox 476 2003 510 2047; x_wconf 88' lang='grc' dir='ltr'>εἰ</span> <span class='ocrx_word' id='word_1_170' title='bbox 546 1998 589 2046; x_wconf 89' lang='lat'>63</span> <span class='ocrx_word' id='word_1_171' title='bbox 621 1999 870 2057; x_wconf 88' lang='grc' dir='ltr'>σπουδαῖαι,</span> <span class='ocrx_word' id='word_1_172' title='bbox 904 1998 964 2060; x_wconf 83' lang='grc' dir='ltr'>μὴ</span> <span class='ocrx_word' id='word_1_173' title='bbox 1002 1996 1304 2044; x_wconf 85' lang='grc' dir='ltr'>καταλείποιεν</span> <span class='ocrx_word' id='word_1_174' title='bbox 1338 1995 1513 2050; x_wconf 79' lang='grc' dir='ltr'>αὐτούς·</span> 
     </span>
     <span class='ocr_line' id='line_1_24' title="bbox 221 2069 1515 2146; baseline -0.003 -26"><span class='ocrx_word' id='word_1_175' title='bbox 221 2074 369 2121; x_wconf 80' lang='grc' dir='ltr'>οὐδένα</span> <span class='ocrx_word' id='word_1_176' title='bbox 391 2073 470 2137; x_wconf 78' lang='grc' dir='ltr'>γὰρ</span> <span class='ocrx_word' id='word_1_177' title='bbox 496 2073 646 2129; x_wconf 80' lang='grc' dir='ltr'>ἡδονῆς</span> <span class='ocrx_word' id='word_1_178' title='bbox 666 2091 737 2117; x_wconf 93' lang='grc' dir='ltr'>και</span> <span class='ocrx_word' id='word_1_179' title='bbox 757 2070 885 2118; x_wconf 87' lang='grc' dir='ltr'>πόνου</span> <span class='ocrx_word' id='word_1_180' title='bbox 906 2074 1258 2146; x_wconf 74' lang='grc' dir='ltr'>καταφρονοῦντα</span> <span class='ocrx_word' id='word_1_181' title='bbox 1273 2107 1285 2129; x_wconf 95' lang='grc'>,</span> <span class='ocrx_word' id='word_1_182' title='bbox 1305 2072 1363 2125; x_wconf 82' lang='grc' dir='ltr'>ὡς</span> <span class='ocrx_word' id='word_1_183' title='bbox 1384 2070 1419 2116; x_wconf 85' lang='grc' dir='ltr'>δ’</span> <span class='ocrx_word' id='word_1_184' title='bbox 1437 2069 1515 2117; x_wconf 85' lang='grc' dir='ltr'>αυ-</span> 
     </span>
     <span class='ocr_line' id='line_1_25' title="bbox 218 2141 1514 2210; baseline -0.001 -18"><span class='ocrx_word' id='word_1_185' title='bbox 218 2165 298 2198; x_wconf 76' lang='grc' dir='ltr'>τως</span> <span class='ocrx_word' id='word_1_186' title='bbox 316 2149 423 2203; x_wconf 74' lang='grc' dir='ltr'>ζωῆς</span> <span class='ocrx_word' id='word_1_187' title='bbox 439 2144 512 2191; x_wconf 80' lang='grc' dir='ltr'>καὶ</span> <span class='ocrx_word' id='word_1_188' title='bbox 538 2143 740 2202; x_wconf 82' lang='grc' dir='ltr'>θανάτου,</span> <span class='ocrx_word' id='word_1_189' title='bbox 759 2142 950 2191; x_wconf 81' lang='grc' dir='ltr'>ἐθέλειν</span> <span class='ocrx_word' id='word_1_190' title='bbox 935 2163 989 2210; x_wconf 81' lang='grc' dir='ltr'>υφ</span> <span class='ocrx_word' id='word_1_191' title='bbox 994 2141 1155 2208; x_wconf 84' lang='grc' dir='ltr'>’ἑτέρῳ</span> <span class='ocrx_word' id='word_1_192' title='bbox 1170 2147 1303 2191; x_wconf 80' lang='grc' dir='ltr'>εἶναι·</span> <span class='ocrx_word' id='word_1_193' title='bbox 1324 2146 1514 2191; x_wconf 80' lang='grc' dir='ltr'>τοιοῦτον</span> 
     </span>
     <span class='ocr_line' id='line_1_26' title="bbox 220 2216 1205 2274; baseline -0.003 -10"><span class='ocrx_word' id='word_1_194' title='bbox 220 2218 254 2264; x_wconf 93' lang='lat'>6’</span> <span class='ocrx_word' id='word_1_195' title='bbox 280 2222 386 2264; x_wconf 89' lang='grc' dir='ltr'>εἰναι</span> <span class='ocrx_word' id='word_1_196' title='bbox 412 2237 482 2264; x_wconf 92' lang='grc' dir='ltr'>τον</span> <span class='ocrx_word' id='word_1_197' title='bbox 507 2218 734 2264; x_wconf 86' lang='grc' dir='ltr'>σπουδαῖον</span> <span class='ocrx_word' id='word_1_198' title='bbox 757 2216 830 2263; x_wconf 81' lang='grc' dir='ltr'>καὶ</span> <span class='ocrx_word' id='word_1_199' title='bbox 855 2216 930 2274; x_wconf 84' lang='grc' dir='ltr'>τὴν</span> <span class='ocrx_word' id='word_1_200' title='bbox 953 2216 1205 2264; x_wconf 85' lang='grc' dir='ltr'>σπουδαίαν.</span> 
     </span>
    </p>

    <p class='ocr_par' dir='ltr' id='par_1_3' title="bbox 218 2287 1516 2867">
     <span class='ocr_line' id='line_1_27' title="bbox 289 2287 1514 2383; baseline -0.002 -44"><span class='ocrx_word' id='word_1_201' title='bbox 289 2290 561 2344; x_wconf 83' lang='grc' dir='ltr'>Πλείστους</span> <span class='ocrx_word' id='word_1_202' title='bbox 540 2293 576 2337; x_wconf 93' lang='grc' dir='ltr'>ο</span> <span class='ocrx_word' id='word_1_203' title='bbox 605 2292 745 2383; x_wconf 81' lang='grc' dir='ltr'>αὐτρῒς</span> <span class='ocrx_word' id='word_1_204' title='bbox 771 2295 878 2337; x_wconf 85' lang='grc' dir='ltr'>εἰναι</span> <span class='ocrx_word' id='word_1_205' title='bbox 901 2289 1053 2354; x_wconf 88' lang='grc' dir='ltr'>λόγους</span> <span class='ocrx_word' id='word_1_206' title='bbox 1077 2288 1176 2355; x_wconf 77' lang='grc' dir='ltr'>περὶ</span> <span class='ocrx_word' id='word_1_207' title='bbox 1207 2287 1420 2337; x_wconf 84' lang='grc' dir='ltr'>θανάτου·</span> <span class='ocrx_word' id='word_1_208' title='bbox 1446 2308 1514 2337; x_wconf 88' lang='grc' dir='ltr'>νο·-</span> 
     </span>
     <span class='ocr_line' id='line_1_28' title="bbox 221 2360 1515 2428; baseline 0 -19"><span class='ocrx_word' id='word_1_209' title='bbox 221 2364 353 2424; x_wconf 85' lang='grc' dir='ltr'>μίζειν</span> <span class='ocrx_word' id='word_1_210' title='bbox 372 2364 454 2428; x_wconf 78' lang='grc' dir='ltr'>γὰρ</span> <span class='ocrx_word' id='word_1_211' title='bbox 482 2362 531 2421; x_wconf 82' lang='grc' dir='ltr'>δὴ</span> <span class='ocrx_word' id='word_1_212' title='bbox 553 2362 623 2410; x_wconf 78' lang='grc' dir='ltr'>τὸν</span> <span class='ocrx_word' id='word_1_213' title='bbox 650 2362 725 2424; x_wconf 82' lang='grc' dir='ltr'>μὲν</span> <span class='ocrx_word' id='word_1_214' title='bbox 705 2363 893 2410; x_wconf 80' lang='grc' dir='ltr'>νένθάδε</span> <span class='ocrx_word' id='word_1_215' title='bbox 922 2362 1011 2428; x_wconf 85' lang='grc' dir='ltr'>βίον</span> <span class='ocrx_word' id='word_1_216' title='bbox 1040 2383 1097 2417; x_wconf 92' lang='grc' dir='ltr'>ως</span> <span class='ocrx_word' id='word_1_217' title='bbox 1119 2362 1169 2410; x_wconf 81' lang='grc' dir='ltr'>ἂν</span> <span class='ocrx_word' id='word_1_218' title='bbox 1191 2360 1337 2425; x_wconf 85' lang='grc' dir='ltr'>ἀκμὴν</span> <span class='ocrx_word' id='word_1_219' title='bbox 1359 2361 1515 2424; x_wconf 83' lang='grc' dir='ltr'>κυομέ·</span> 
     </span>
     <span class='ocr_line' id='line_1_29' title="bbox 219 2433 1513 2499; baseline 0 -17"><span class='ocrx_word' id='word_1_220' title='bbox 219 2456 298 2482; x_wconf 79' lang='grc' dir='ltr'>νων</span> <span class='ocrx_word' id='word_1_221' title='bbox 321 2441 446 2482; x_wconf 78' lang='grc' dir='ltr'>εἶναι·</span> <span class='ocrx_word' id='word_1_222' title='bbox 473 2435 543 2482; x_wconf 83' lang='grc' dir='ltr'>τὸν</span> <span class='ocrx_word' id='word_1_223' title='bbox 566 2436 610 2482; x_wconf 88' lang='lat'>63</span> <span class='ocrx_word' id='word_1_224' title='bbox 627 2434 807 2482; x_wconf 81' lang='grc' dir='ltr'>θάνατον</span> <span class='ocrx_word' id='word_1_225' title='bbox 828 2434 992 2497; x_wconf 88' lang='grc' dir='ltr'>γένεσιν</span> <span class='ocrx_word' id='word_1_226' title='bbox 1015 2437 1072 2490; x_wconf 86' lang='grc' dir='ltr'>εἷς</span> <span class='ocrx_word' id='word_1_227' title='bbox 1090 2435 1160 2482; x_wconf 83' lang='grc' dir='ltr'>τὸν</span> <span class='ocrx_word' id='word_1_228' title='bbox 1181 2434 1313 2489; x_wconf 80' lang='grc' dir='ltr'>ὅντως</span> <span class='ocrx_word' id='word_1_229' title='bbox 1333 2434 1423 2499; x_wconf 83' lang='grc' dir='ltr'>βίον</span> <span class='ocrx_word' id='word_1_230' title='bbox 1439 2433 1513 2482; x_wconf 83' lang='grc' dir='ltr'>καὶ</span> 
     </span>
     <span class='ocr_line' id='line_1_30' title="bbox 218 2507 1516 2574; baseline -0.001 -18"><span class='ocrx_word' id='word_1_231' title='bbox 218 2510 286 2557; x_wconf 82' lang='grc' dir='ltr'>τὸν</span> <span class='ocrx_word' id='word_1_232' title='bbox 311 2510 539 2572; x_wconf 83' lang='grc' dir='ltr'>εὐδαίμονα</span> <span class='ocrx_word' id='word_1_233' title='bbox 556 2513 640 2563; x_wconf 84' lang='grc' dir='ltr'>τοῖς</span> <span class='ocrx_word' id='word_1_234' title='bbox 663 2508 998 2574; x_wconf 79' lang='grc' dir='ltr'>φιλοσοφήσασι·</span> <span class='ocrx_word' id='word_1_235' title='bbox 1027 2508 1090 2556; x_wconf 83' lang='grc' dir='ltr'>διὸ</span> <span class='ocrx_word' id='word_1_236' title='bbox 1109 2513 1162 2574; x_wconf 81' lang='grc' dir='ltr'>τῇ</span> <span class='ocrx_word' id='word_1_237' title='bbox 1185 2507 1368 2567; x_wconf 85' lang='grc' dir='ltr'>ἀσκήσει</span> <span class='ocrx_word' id='word_1_238' title='bbox 1390 2507 1516 2555; x_wconf 89' lang='grc' dir='ltr'>πλεί-</span> 
     </span>
     <span class='ocr_line' id='line_1_31' title="bbox 219 2580 1516 2657; baseline -0.002 -27"><span class='ocrx_word' id='word_1_239' title='bbox 219 2603 298 2645; x_wconf 79' lang='grc' dir='ltr'>στῃ</span> <span class='ocrx_word' id='word_1_240' title='bbox 324 2587 514 2657; x_wconf 81' lang='grc' dir='ltr'>χρησθαι</span> <span class='ocrx_word' id='word_1_241' title='bbox 531 2583 633 2649; x_wconf 81' lang='grc' dir='ltr'>πρὸς</span> <span class='ocrx_word' id='word_1_242' title='bbox 658 2582 706 2629; x_wconf 77' lang='grc' dir='ltr'>τὸ</span> <span class='ocrx_word' id='word_1_243' title='bbox 731 2582 1081 2644; x_wconf 84' lang='grc' dir='ltr'>ετοιμοθάνατον·</span> <span class='ocrx_word' id='word_1_244' title='bbox 1117 2580 1274 2646; x_wconf 81' lang='grc' dir='ltr'>ἀγαθὸν</span> <span class='ocrx_word' id='word_1_245' title='bbox 1299 2581 1344 2629; x_wconf 86' lang='grc' dir='ltr'>δὲ</span> <span class='ocrx_word' id='word_1_246' title='bbox 1381 2580 1410 2640; x_wconf 80' lang='grc' dir='ltr'>ἢ</span> <span class='ocrx_word' id='word_1_247' title='bbox 1441 2601 1516 2629; x_wconf 91' lang='grc' dir='ltr'>κα-</span> 
     </span>
     <span class='ocr_line' id='line_1_32' title="bbox 219 2653 1513 2747; baseline 0 -45"><span class='ocrx_word' id='word_1_248' title='bbox 219 2656 290 2702; x_wconf 81' lang='grc' dir='ltr'>κὸν</span> <span class='ocrx_word' id='word_1_249' title='bbox 321 2654 424 2716; x_wconf 67' lang='grc' dir='ltr'>μηδὲ</span> <span class='ocrx_word' id='word_1_250' title='bbox 429 2675 448 2700; x_wconf 96' lang='grc' dir='ltr'>ν</span> <span class='ocrx_word' id='word_1_251' title='bbox 476 2660 582 2701; x_wconf 76' lang='grc' dir='ltr'>εἶναι</span> <span class='ocrx_word' id='word_1_252' title='bbox 609 2675 691 2702; x_wconf 78' lang='grc' dir='ltr'>των</span> <span class='ocrx_word' id='word_1_253' title='bbox 723 2654 1048 2717; x_wconf 72' lang='grc' dir='ltr'>συμὸαινόντων</span> <span class='ocrx_word' id='word_1_254' title='bbox 1070 2654 1331 2747; x_wconf 56' lang='grc' dir='ltr'>ἀνθρξῖιποις·</span> <span class='ocrx_word' id='word_1_255' title='bbox 1357 2656 1404 2702; x_wconf 84' lang='grc' dir='ltr'>οὖ</span> <span class='ocrx_word' id='word_1_256' title='bbox 1430 2653 1513 2720; x_wconf 85' lang='grc' dir='ltr'>γὰρ</span> 
     </span>
     <span class='ocr_line' id='line_1_33' title="bbox 220 2727 1514 2821; baseline -0.001 -46"><span class='ocrx_word' id='word_1_257' title='bbox 220 2728 271 2774; x_wconf 78' lang='grc' dir='ltr'>ἂν</span> <span class='ocrx_word' id='word_1_258' title='bbox 294 2729 377 2782; x_wconf 83' lang='grc' dir='ltr'>τοῖς</span> <span class='ocrx_word' id='word_1_259' title='bbox 395 2729 534 2782; x_wconf 79' lang='grc' dir='ltr'>αὐτοῖς</span> <span class='ocrx_word' id='word_1_260' title='bbox 554 2748 648 2782; x_wconf 89' lang='grc' dir='ltr'>τους</span> <span class='ocrx_word' id='word_1_261' title='bbox 672 2727 748 2790; x_wconf 79' lang='grc' dir='ltr'>μὲν</span> <span class='ocrx_word' id='word_1_262' title='bbox 772 2727 1007 2792; x_wconf 82' lang='grc' dir='ltr'>ἄχθεσθαι,</span> <span class='ocrx_word' id='word_1_263' title='bbox 1031 2748 1126 2783; x_wconf 85' lang='grc' dir='ltr'>τους</span> <span class='ocrx_word' id='word_1_264' title='bbox 1147 2727 1191 2775; x_wconf 88' lang='lat'>63</span> <span class='ocrx_word' id='word_1_265' title='bbox 1205 2727 1419 2821; x_wconf 86' lang='grc' dir='ltr'>χαίρειν,</span> <span class='ocrx_word' id='word_1_266' title='bbox 1419 2729 1514 2774; x_wconf 81' lang='grc' dir='ltr'>ἐνυ-</span> 
     </span>
     <span class='ocr_line' id='line_1_34' title="bbox 222 2800 1565 2867; baseline 0.001 -20"><span class='ocrx_word' id='word_1_267' title='bbox 222 2802 412 2855; x_wconf 81' lang='grc' dir='ltr'>πνιωδεις</span> <span class='ocrx_word' id='word_1_268' title='bbox 429 2801 700 2867; x_wconf 75' lang='grc' dir='ltr'>υπολήψεις”</span> <span class='ocrx_word' id='word_1_269' title='bbox 679 2821 874 2866; x_wconf 90' lang='grc' dir='ltr'>εχοντας,</span> <span class='ocrx_word' id='word_1_270' title='bbox 895 2803 969 2849; x_wconf 87' lang='grc' dir='ltr'>καὶ</span> <span class='ocrx_word' id='word_1_271' title='bbox 986 2801 1081 2857; x_wconf 77' lang='grc' dir='ltr'>τοὺς</span> <span class='ocrx_word' id='word_1_272' title='bbox 1100 2800 1253 2857; x_wconf 81' lang='grc' dir='ltr'>αὐτους</span> <span class='ocrx_word' id='word_1_273' title='bbox 1265 2809 1351 2857; x_wconf 89' lang='grc' dir='ltr'>τοῖς</span> <span class='ocrx_word' id='word_1_274' title='bbox 1371 2802 1565 2856; x_wconf 73' lang='grc' dir='ltr'>αὐτοῖς·</span> 
     </span>
    </p>
   </div>
   <div class='ocr_carea' id='block_1_3' title="bbox 240 2893 2891 2911">
    <p class='ocr_par' dir='ltr' id='par_1_4' title="bbox 240 2893 2891 2911">
     <span class='ocr_line' id='line_1_35' title="bbox 240 2893 2891 2911; baseline 0 1717"><span class='ocrx_word' id='word_1_275' title='bbox 240 2893 2891 2911; x_wconf 95' lang='lat' dir='ltr'> </span> 
     </span>
    </p>
   </div>
   <div class='ocr_carea' id='block_1_4' title="bbox 222 2940 1523 4342">
    <p class='ocr_par' dir='ltr' id='par_1_5' title="bbox 222 2940 1523 4342">
     <span class='ocr_line' id='line_1_36' title="bbox 222 2940 1516 2992; baseline 0.004 -15"><span class='ocrx_word' id='word_1_276' title='bbox 222 2943 260 2978; x_wconf 68' lang='lat' dir='ltr'>et</span> <span class='ocrx_word' id='word_1_277' title='bbox 278 2940 392 2978; x_wconf 82' lang='lat' dir='ltr'>matri</span> <span class='ocrx_word' id='word_1_278' title='bbox 413 2943 451 2979; x_wconf 91' lang='lat' dir='ltr'>et</span> <span class='ocrx_word' id='word_1_279' title='bbox 470 2943 659 2990; x_wconf 85' lang='lat' dir='ltr'>concepto</span> <span class='ocrx_word' id='word_1_280' title='bbox 680 2941 935 2991; x_wconf 85' lang='lat' dir='ltr'>accedentes,</span> <span class='ocrx_word' id='word_1_281' title='bbox 952 2942 994 2981; x_wconf 90' lang='lat' dir='ltr'>in</span> <span class='ocrx_word' id='word_1_282' title='bbox 1011 2942 1180 2992; x_wconf 90' lang='lat' dir='ltr'>speciem</span> <span class='ocrx_word' id='word_1_283' title='bbox 1199 2941 1362 2992; x_wconf 89' lang='lat' dir='ltr'>quidem</span> <span class='ocrx_word' id='word_1_284' title='bbox 1378 2942 1516 2981; x_wconf 82' lang='lat' dir='ltr'>incan-</span> 
     </span>
     <span class='ocr_line' id='line_1_37' title="bbox 224 3003 1518 3056; baseline 0.002 -14"><span class='ocrx_word' id='word_1_285' title='bbox 224 3003 342 3043; x_wconf 84' lang='lat' dir='ltr'>tando</span> <span class='ocrx_word' id='word_1_286' title='bbox 359 3004 456 3053; x_wconf 85' lang='lat' dir='ltr'>proli</span> <span class='ocrx_word' id='word_1_287' title='bbox 475 3006 512 3043; x_wconf 90' lang='lat' dir='ltr'>et</span> <span class='ocrx_word' id='word_1_288' title='bbox 532 3005 646 3043; x_wconf 85' lang='lat' dir='ltr'>matri</span> <span class='ocrx_word' id='word_1_289' title='bbox 661 3005 887 3046; x_wconf 79' lang='lat' dir='ltr'>felicitatem</span> <span class='ocrx_word' id='word_1_290' title='bbox 905 3007 1142 3056; x_wconf 84' lang='lat' dir='ltr'>conciliant,</span> <span class='ocrx_word' id='word_1_291' title='bbox 1160 3006 1230 3047; x_wconf 89' lang='lat' dir='ltr'>sed</span> <span class='ocrx_word' id='word_1_292' title='bbox 1245 3017 1286 3047; x_wconf 93' lang='lat' dir='ltr'>re</span> <span class='ocrx_word' id='word_1_293' title='bbox 1301 3016 1397 3046; x_wconf 84' lang='lat' dir='ltr'>vera</span> <span class='ocrx_word' id='word_1_294' title='bbox 1408 3016 1518 3056; x_wconf 82' lang='lat' dir='ltr'>quae-</span> 
     </span>
     <span class='ocr_line' id='line_1_38' title="bbox 223 3069 1518 3128; baseline 0.002 -21"><span class='ocrx_word' id='word_1_295' title='bbox 223 3069 314 3109; x_wconf 87' lang='lat' dir='ltr'>dam</span> <span class='ocrx_word' id='word_1_296' title='bbox 338 3070 590 3128; x_wconf 84' lang='lat' dir='ltr'>continentiae</span> <span class='ocrx_word' id='word_1_297' title='bbox 610 3073 809 3122; x_wconf 61' lang='lat' dir='ltr'>praecepta</span> <span class='ocrx_word' id='word_1_298' title='bbox 825 3072 921 3111; x_wconf 91' lang='lat' dir='ltr'>dant</span> <span class='ocrx_word' id='word_1_299' title='bbox 941 3088 949 3112; x_wconf 91' lang='lat'>:</span> <span class='ocrx_word' id='word_1_300' title='bbox 971 3074 1137 3122; x_wconf 84' lang='lat' dir='ltr'>matres,</span> <span class='ocrx_word' id='word_1_301' title='bbox 1156 3083 1247 3123; x_wconf 84' lang='lat' dir='ltr'>quae</span> <span class='ocrx_word' id='word_1_302' title='bbox 1266 3072 1434 3112; x_wconf 82' lang='lat' dir='ltr'>libenter</span> <span class='ocrx_word' id='word_1_303' title='bbox 1449 3081 1518 3110; x_wconf 90' lang='lat' dir='ltr'>eos</span> 
     </span>
     <span class='ocr_line' id='line_1_39' title="bbox 222 3134 1517 3186; baseline 0.002 -14"><span class='ocrx_word' id='word_1_304' title='bbox 222 3134 406 3183; x_wconf 79' lang='lat' dir='ltr'>audiant,</span> <span class='ocrx_word' id='word_1_305' title='bbox 443 3146 488 3173; x_wconf 87' lang='lat' dir='ltr'>eo</span> <span class='ocrx_word' id='word_1_306' title='bbox 520 3136 710 3176; x_wconf 75' lang='lat' dir='ltr'>feliciores</span> <span class='ocrx_word' id='word_1_307' title='bbox 746 3137 854 3186; x_wconf 86' lang='lat' dir='ltr'>prole</span> <span class='ocrx_word' id='word_1_308' title='bbox 885 3137 969 3176; x_wconf 87' lang='lat' dir='ltr'>fore</span> <span class='ocrx_word' id='word_1_309' title='bbox 1000 3137 1242 3176; x_wconf 79' lang='lat' dir='ltr'>existimant.</span> <span class='ocrx_word' id='word_1_310' title='bbox 1301 3136 1517 3186; x_wconf 86' lang='lat' dir='ltr'>Postquam</span> 
     </span>
     <span class='ocr_line' id='line_1_40' title="bbox 231 3199 1517 3249; baseline 0.002 -13"><span class='ocrx_word' id='word_1_311' title='bbox 231 3209 323 3237; x_wconf 85' lang='lat' dir='ltr'>vero</span> <span class='ocrx_word' id='word_1_312' title='bbox 344 3199 423 3238; x_wconf 84' lang='lat' dir='ltr'>nati</span> <span class='ocrx_word' id='word_1_313' title='bbox 456 3201 567 3249; x_wconf 87' lang='lat' dir='ltr'>sunt,</span> <span class='ocrx_word' id='word_1_314' title='bbox 599 3200 697 3240; x_wconf 88' lang='lat' dir='ltr'>alios</span> <span class='ocrx_word' id='word_1_315' title='bbox 716 3203 755 3240; x_wconf 92' lang='lat' dir='ltr'>et</span> <span class='ocrx_word' id='word_1_316' title='bbox 777 3201 874 3240; x_wconf 87' lang='lat' dir='ltr'>alios</span> <span class='ocrx_word' id='word_1_317' title='bbox 905 3202 1110 3240; x_wconf 82' lang='lat' dir='ltr'>curatores</span> <span class='ocrx_word' id='word_1_318' title='bbox 1141 3201 1363 3240; x_wconf 86' lang='lat' dir='ltr'>sortiuntur</span> <span class='ocrx_word' id='word_1_319' title='bbox 1395 3210 1517 3239; x_wconf 87' lang='lat' dir='ltr'>:nam</span> 
     </span>
     <span class='ocr_line' id='line_1_41' title="bbox 225 3256 1516 3314; baseline 0.002 -14"><span class='ocrx_word' id='word_1_320' title='bbox 225 3273 302 3311; x_wconf 90' lang='lat' dir='ltr'>quo</span> <span class='ocrx_word' id='word_1_321' title='bbox 320 3263 440 3312; x_wconf 76' lang='lat' dir='ltr'>magis</span> <span class='ocrx_word' id='word_1_322' title='bbox 464 3265 557 3302; x_wconf 75' lang='lat' dir='ltr'>aetas</span> <span class='ocrx_word' id='word_1_323' title='bbox 573 3263 783 3314; x_wconf 89' lang='lat' dir='ltr'>adolescit,</span> <span class='ocrx_word' id='word_1_324' title='bbox 802 3266 913 3304; x_wconf 85' lang='lat' dir='ltr'>tanto</span> <span class='ocrx_word' id='word_1_325' title='bbox 930 3256 1189 3314; x_wconf 84' lang='lat' dir='ltr'>elegantiores</span> <span class='ocrx_word' id='word_1_326' title='bbox 1205 3260 1412 3314; x_wconf 82' lang='lat' dir='ltr'>magistros</span> <span class='ocrx_word' id='word_1_327' title='bbox 1429 3274 1516 3303; x_wconf 89' lang='lat' dir='ltr'>suc-</span> 
     </span>
     <span class='ocr_line' id='line_1_42' title="bbox 223 3326 1516 3379; baseline 0.002 -15"><span class='ocrx_word' id='word_1_328' title='bbox 223 3326 384 3365; x_wconf 83' lang='lat' dir='ltr'>cedunt.</span> <span class='ocrx_word' id='word_1_329' title='bbox 442 3327 697 3377; x_wconf 77' lang='lat' dir='ltr'>l&#39;liilosophos</span> <span class='ocrx_word' id='word_1_330' title='bbox 713 3329 808 3368; x_wconf 90' lang='lat' dir='ltr'>istos</span> <span class='ocrx_word' id='word_1_331' title='bbox 824 3331 914 3368; x_wconf 91' lang='lat' dir='ltr'>ante</span> <span class='ocrx_word' id='word_1_332' title='bbox 934 3329 1076 3368; x_wconf 86' lang='lat' dir='ltr'>urbem</span> <span class='ocrx_word' id='word_1_333' title='bbox 1093 3330 1133 3368; x_wconf 90' lang='lat' dir='ltr'>in</span> <span class='ocrx_word' id='word_1_334' title='bbox 1149 3330 1239 3368; x_wconf 92' lang='lat' dir='ltr'>luco</span> <span class='ocrx_word' id='word_1_335' title='bbox 1256 3328 1396 3379; x_wconf 83' lang='lat' dir='ltr'>degere</span> <span class='ocrx_word' id='word_1_336' title='bbox 1412 3328 1516 3367; x_wconf 84' lang='lat' dir='ltr'>intra</span> 
     </span>
     <span class='ocr_line' id='line_1_43' title="bbox 227 3388 1516 3443; baseline 0.003 -16"><span class='ocrx_word' id='word_1_337' title='bbox 227 3388 463 3428; x_wconf 81' lang='lat' dir='ltr'>mediocrem</span> <span class='ocrx_word' id='word_1_338' title='bbox 493 3391 711 3441; x_wconf 88' lang='lat' dir='ltr'>ambitum,</span> <span class='ocrx_word' id='word_1_339' title='bbox 741 3403 820 3442; x_wconf 88' lang='lat' dir='ltr'>quo</span> <span class='ocrx_word' id='word_1_340' title='bbox 850 3392 1059 3442; x_wconf 79' lang='lat' dir='ltr'>cingantur</span> <span class='ocrx_word' id='word_1_341' title='bbox 1093 3409 1101 3432; x_wconf 93' lang='lat'><strong>:</strong></span> <span class='ocrx_word' id='word_1_342' title='bbox 1127 3393 1327 3443; x_wconf 80' lang='lat' dir='ltr'>frugaliter</span> <span class='ocrx_word' id='word_1_343' title='bbox 1359 3392 1516 3442; x_wconf 88' lang='lat' dir='ltr'>vivere,</span> 
     </span>
     <span class='ocr_line' id='line_1_44' title="bbox 225 3454 1517 3505; baseline 0.005 -15"><span class='ocrx_word' id='word_1_344' title='bbox 225 3464 343 3503; x_wconf 78' lang='lat' dir='ltr'>supra</span> <span class='ocrx_word' id='word_1_345' title='bbox 362 3454 458 3494; x_wconf 82' lang='lat' dir='ltr'>toris</span> <span class='ocrx_word' id='word_1_346' title='bbox 478 3465 525 3493; x_wconf 88' lang='lat' dir='ltr'>ac</span> <span class='ocrx_word' id='word_1_347' title='bbox 543 3456 713 3504; x_wconf 88' lang='lat' dir='ltr'>pellibus</span> <span class='ocrx_word' id='word_1_348' title='bbox 730 3457 860 3505; x_wconf 79' lang='lat' dir='ltr'>Jacere</span> <span class='ocrx_word' id='word_1_349' title='bbox 873 3485 883 3503; x_wconf 93' lang='lat'>‚</span> <span class='ocrx_word' id='word_1_350' title='bbox 908 3457 1148 3496; x_wconf 81' lang='lat' dir='ltr'>animalibus</span> <span class='ocrx_word' id='word_1_351' title='bbox 1164 3467 1211 3496; x_wconf 89' lang='lat' dir='ltr'>ac</span> <span class='ocrx_word' id='word_1_352' title='bbox 1227 3467 1373 3496; x_wconf 80' lang='lat' dir='ltr'>venere</span> <span class='ocrx_word' id='word_1_353' title='bbox 1394 3456 1517 3496; x_wconf 87' lang='lat' dir='ltr'>absti-</span> 
     </span>
     <span class='ocr_line' id='line_1_45' title="bbox 225 3519 1519 3567; baseline 0.005 -12"><span class='ocrx_word' id='word_1_354' title='bbox 225 3529 317 3557; x_wconf 77' lang='lat' dir='ltr'>nere</span> <span class='ocrx_word' id='word_1_355' title='bbox 332 3548 343 3567; x_wconf 93' lang='lat'>,</span> <span class='ocrx_word' id='word_1_356' title='bbox 364 3519 472 3558; x_wconf 87' lang='lat' dir='ltr'>seriis</span> <span class='ocrx_word' id='word_1_357' title='bbox 490 3521 737 3560; x_wconf 83' lang='lat' dir='ltr'>sermonibus</span> <span class='ocrx_word' id='word_1_358' title='bbox 763 3522 936 3561; x_wconf 86' lang='lat' dir='ltr'>intentos</span> <span class='ocrx_word' id='word_1_359' title='bbox 959 3524 1106 3562; x_wconf 89' lang='lat' dir='ltr'>etcum</span> <span class='ocrx_word' id='word_1_360' title='bbox 1131 3522 1358 3562; x_wconf 83' lang='lat' dir='ltr'>volentibus</span> <span class='ocrx_word' id='word_1_361' title='bbox 1380 3522 1519 3562; x_wconf 88' lang='lat' dir='ltr'>audire</span> 
     </span>
     <span class='ocr_line' id='line_1_46' title="bbox 227 3583 1520 3636; baseline 0.005 -19"><span class='ocrx_word' id='word_1_362' title='bbox 227 3592 292 3619; x_wconf 73' lang='lat' dir='ltr'>vos</span> <span class='ocrx_word' id='word_1_363' title='bbox 308 3583 654 3623; x_wconf 80' lang='lat' dir='ltr'>communicantes.</span> <span class='ocrx_word' id='word_1_364' title='bbox 715 3585 895 3624; x_wconf 85' lang='lat' dir='ltr'>Auditori</span> <span class='ocrx_word' id='word_1_365' title='bbox 914 3587 1046 3624; x_wconf 87' lang='lat' dir='ltr'>autem</span> <span class='ocrx_word' id='word_1_366' title='bbox 1071 3596 1151 3624; x_wconf 91' lang='lat' dir='ltr'>non</span> <span class='ocrx_word' id='word_1_367' title='bbox 1169 3586 1288 3626; x_wconf 91' lang='lat' dir='ltr'>licere</span> <span class='ocrx_word' id='word_1_368' title='bbox 1309 3596 1438 3636; x_wconf 88' lang='lat' dir='ltr'>neque</span> <span class='ocrx_word' id='word_1_369' title='bbox 1461 3585 1520 3625; x_wconf 91' lang='lat' dir='ltr'>lo·</span> 
     </span>
     <span class='ocr_line' id='line_1_47' title="bbox 226 3645 1518 3698; baseline 0.005 -16"><span class='ocrx_word' id='word_1_370' title='bbox 226 3645 292 3694; x_wconf 84' lang='lat' dir='ltr'>qui</span> <span class='ocrx_word' id='word_1_371' title='bbox 311 3656 382 3684; x_wconf 86' lang='lat' dir='ltr'>nec</span> <span class='ocrx_word' id='word_1_372' title='bbox 401 3657 551 3686; x_wconf 77' lang='lat' dir='ltr'>screare</span> <span class='ocrx_word' id='word_1_373' title='bbox 574 3650 643 3687; x_wconf 88' lang='lat' dir='ltr'>aut</span> <span class='ocrx_word' id='word_1_374' title='bbox 667 3658 880 3698; x_wconf 84' lang='lat' dir='ltr'>exspuere;</span> <span class='ocrx_word' id='word_1_375' title='bbox 902 3649 1049 3698; x_wconf 80' lang='lat' dir='ltr'>alioqui</span> <span class='ocrx_word' id='word_1_376' title='bbox 1071 3649 1175 3689; x_wconf 91' lang='lat' dir='ltr'>diem</span> <span class='ocrx_word' id='word_1_377' title='bbox 1192 3650 1299 3689; x_wconf 86' lang='lat' dir='ltr'>illam</span> <span class='ocrx_word' id='word_1_378' title='bbox 1317 3651 1423 3689; x_wconf 81' lang='lat' dir='ltr'>coetu</span> <span class='ocrx_word' id='word_1_379' title='bbox 1446 3660 1518 3688; x_wconf 89' lang='lat' dir='ltr'>ex-</span> 
     </span>
     <span class='ocr_line' id='line_1_48' title="bbox 228 3709 1520 3764; baseline 0.005 -18"><span class='ocrx_word' id='word_1_380' title='bbox 228 3709 332 3748; x_wconf 80' lang='lat' dir='ltr'>cludi</span> <span class='ocrx_word' id='word_1_381' title='bbox 353 3711 398 3749; x_wconf 87' lang='lat' dir='ltr'>ut</span> <span class='ocrx_word' id='word_1_382' title='bbox 425 3710 748 3751; x_wconf 83' lang='lat' dir='ltr'>incontinentem.</span> <span class='ocrx_word' id='word_1_383' title='bbox 805 3715 939 3758; x_wconf 90' lang='lat' dir='ltr'>Quum</span> <span class='ocrx_word' id='word_1_384' title='bbox 964 3713 1123 3763; x_wconf 82' lang='lat' dir='ltr'>triginta</span> <span class='ocrx_word' id='word_1_385' title='bbox 1149 3715 1189 3753; x_wconf 86' lang='lat' dir='ltr'>et</span> <span class='ocrx_word' id='word_1_386' title='bbox 1212 3716 1364 3764; x_wconf 84' lang='lat' dir='ltr'>septem</span> <span class='ocrx_word' id='word_1_387' title='bbox 1395 3723 1520 3753; x_wconf 87' lang='lat' dir='ltr'>annos</span> 
     </span>
     <span class='ocr_line' id='line_1_49' title="bbox 228 3774 1518 3830; baseline 0.005 -17"><span class='ocrx_word' id='word_1_388' title='bbox 228 3774 282 3813; x_wconf 82' lang='lat' dir='ltr'>sie</span> <span class='ocrx_word' id='word_1_389' title='bbox 306 3775 496 3825; x_wconf 77' lang='lat' dir='ltr'>vixerint,</span> <span class='ocrx_word' id='word_1_390' title='bbox 517 3776 554 3814; x_wconf 93' lang='lat' dir='ltr'>in</span> <span class='ocrx_word' id='word_1_391' title='bbox 570 3787 641 3815; x_wconf 88' lang='lat' dir='ltr'>sua</span> <span class='ocrx_word' id='word_1_392' title='bbox 656 3777 838 3816; x_wconf 86' lang='lat' dir='ltr'>secedere</span> <span class='ocrx_word' id='word_1_393' title='bbox 850 3807 861 3827; x_wconf 93' lang='lat'>,</span> <span class='ocrx_word' id='word_1_394' title='bbox 879 3779 918 3816; x_wconf 90' lang='lat' dir='ltr'>et</span> <span class='ocrx_word' id='word_1_395' title='bbox 934 3778 1063 3818; x_wconf 88' lang='lat' dir='ltr'>laxius</span> <span class='ocrx_word' id='word_1_396' title='bbox 1082 3779 1344 3830; x_wconf 87' lang='lat' dir='ltr'>licentiusque</span> <span class='ocrx_word' id='word_1_397' title='bbox 1360 3780 1495 3819; x_wconf 85' lang='lat' dir='ltr'>vivere</span> <span class='ocrx_word' id='word_1_398' title='bbox 1506 3809 1518 3830; x_wconf 92' lang='lat'>,</span> 
     </span>
     <span class='ocr_line' id='line_1_50' title="bbox 229 3839 1521 3890; baseline 0.006 -13"><span class='ocrx_word' id='word_1_399' title='bbox 229 3839 430 3878; x_wconf 70' lang='lat' dir='ltr'>sindonem</span> <span class='ocrx_word' id='word_1_400' title='bbox 449 3841 632 3890; x_wconf 86' lang='lat' dir='ltr'>induere,</span> <span class='ocrx_word' id='word_1_401' title='bbox 654 3853 798 3880; x_wconf 85' lang='lat' dir='ltr'>aurum</span> <span class='ocrx_word' id='word_1_402' title='bbox 816 3842 854 3881; x_wconf 92' lang='lat' dir='ltr'>in</span> <span class='ocrx_word' id='word_1_403' title='bbox 872 3844 1055 3883; x_wconf 88' lang='lat' dir='ltr'>manibus</span> <span class='ocrx_word' id='word_1_404' title='bbox 1070 3846 1111 3883; x_wconf 91' lang='lat' dir='ltr'>et</span> <span class='ocrx_word' id='word_1_405' title='bbox 1131 3845 1295 3884; x_wconf 88' lang='lat' dir='ltr'>auribus</span> <span class='ocrx_word' id='word_1_406' title='bbox 1317 3845 1521 3885; x_wconf 88' lang='lat' dir='ltr'>moderate</span> 
     </span>
     <span class='ocr_line' id='line_1_51' title="bbox 229 3904 1519 3960; baseline 0.007 -19"><span class='ocrx_word' id='word_1_407' title='bbox 229 3904 377 3950; x_wconf 69' lang='lat' dir='ltr'>gestare</span> <span class='ocrx_word' id='word_1_408' title='bbox 390 3934 399 3951; x_wconf 92' lang='lat'>,</span> <span class='ocrx_word' id='word_1_409' title='bbox 418 3907 456 3942; x_wconf 91' lang='lat' dir='ltr'>et</span> <span class='ocrx_word' id='word_1_410' title='bbox 474 3905 659 3943; x_wconf 85' lang='lat' dir='ltr'>carnibus</span> <span class='ocrx_word' id='word_1_411' title='bbox 674 3907 778 3944; x_wconf 89' lang='lat' dir='ltr'>vesci</span> <span class='ocrx_word' id='word_1_412' title='bbox 790 3906 1051 3955; x_wconf 88' lang='lat' dir='ltr'>animalium,</span> <span class='ocrx_word' id='word_1_413' title='bbox 1071 3918 1162 3957; x_wconf 82' lang='lat' dir='ltr'>quae</span> <span class='ocrx_word' id='word_1_414' title='bbox 1173 3909 1382 3948; x_wconf 84' lang='lat' dir='ltr'>hominum</span> <span class='ocrx_word' id='word_1_415' title='bbox 1399 3921 1519 3960; x_wconf 86' lang='lat' dir='ltr'>opera</span> 
     </span>
     <span class='ocr_line' id='line_1_52' title="bbox 232 3968 1520 4026; baseline 0.008 -21"><span class='ocrx_word' id='word_1_416' title='bbox 232 3978 308 4006; x_wconf 85' lang='lat' dir='ltr'>non</span> <span class='ocrx_word' id='word_1_417' title='bbox 328 3968 515 4017; x_wconf 82' lang='lat' dir='ltr'>adjuvant</span> <span class='ocrx_word' id='word_1_418' title='bbox 530 3983 541 4018; x_wconf 92' lang='lat'>;</span> <span class='ocrx_word' id='word_1_419' title='bbox 559 3970 609 4008; x_wconf 87' lang='lat' dir='ltr'>ab</span> <span class='ocrx_word' id='word_1_420' title='bbox 628 3970 784 4009; x_wconf 89' lang='lat' dir='ltr'>acribus</span> <span class='ocrx_word' id='word_1_421' title='bbox 800 3972 840 4011; x_wconf 88' lang='lat' dir='ltr'>et</span> <span class='ocrx_word' id='word_1_422' title='bbox 860 3972 1124 4012; x_wconf 83' lang='lat' dir='ltr'>condimentis</span> <span class='ocrx_word' id='word_1_423' title='bbox 1149 3974 1369 4026; x_wconf 84' lang='lat' dir='ltr'>abstinere;</span> <span class='ocrx_word' id='word_1_424' title='bbox 1398 3986 1520 4026; x_wconf 82' lang='lat' dir='ltr'>quani</span> 
     </span>
     <span class='ocr_line' id='line_1_53' title="bbox 231 4032 1522 4085; baseline 0.01 -19"><span class='ocrx_word' id='word_1_425' title='bbox 231 4032 417 4078; x_wconf 77' lang='lat' dir='ltr'>plurimas</span> <span class='ocrx_word' id='word_1_426' title='bbox 433 4033 576 4072; x_wconf 74' lang='lat' dir='ltr'>«lucere</span> <span class='ocrx_word' id='word_1_427' title='bbox 596 4044 738 4073; x_wconf 89' lang='lat' dir='ltr'>uxores</span> <span class='ocrx_word' id='word_1_428' title='bbox 755 4035 1063 4084; x_wconf 83' lang='lat' dir='ltr'>multiplicandae</span> <span class='ocrx_word' id='word_1_429' title='bbox 1085 4037 1204 4085; x_wconf 86' lang='lat' dir='ltr'>prolis</span> <span class='ocrx_word' id='word_1_430' title='bbox 1223 4048 1342 4077; x_wconf 87' lang='lat' dir='ltr'>causa</span> <span class='ocrx_word' id='word_1_431' title='bbox 1362 4054 1371 4078; x_wconf 74' lang='grc' dir='ltr'>ε</span> <span class='ocrx_word' id='word_1_432' title='bbox 1390 4050 1484 4078; x_wconf 89' lang='lat' dir='ltr'>nam</span> <span class='ocrx_word' id='word_1_433' title='bbox 1500 4051 1522 4079; x_wconf 87' lang='lat' dir='ltr'>e</span> 
     </span>
     <span class='ocr_line' id='line_1_54' title="bbox 235 4093 1519 4150; baseline 0.012 -23"><span class='ocrx_word' id='word_1_434' title='bbox 235 4093 409 4141; x_wconf 65' lang='lat' dir='ltr'>filiii-ibus</span> <span class='ocrx_word' id='word_1_435' title='bbox 431 4095 543 4143; x_wconf 83' lang='lat' dir='ltr'>plura</span> <span class='ocrx_word' id='word_1_436' title='bbox 564 4097 683 4135; x_wconf 85' lang='lat' dir='ltr'>ctiam</span> <span class='ocrx_word' id='word_1_437' title='bbox 701 4097 806 4136; x_wconf 86' lang='lat' dir='ltr'>nasci</span> <span class='ocrx_word' id='word_1_438' title='bbox 823 4097 926 4136; x_wconf 86' lang='lat' dir='ltr'>bona</span> <span class='ocrx_word' id='word_1_439' title='bbox 946 4113 955 4136; x_wconf 70' lang='grc' dir='ltr'>ι</span> <span class='ocrx_word' id='word_1_440' title='bbox 978 4099 1100 4138; x_wconf 85' lang='lat' dir='ltr'>servis</span> <span class='ocrx_word' id='word_1_441' title='bbox 1116 4099 1148 4138; x_wconf 91' lang='lat' dir='ltr'>si</span> <span class='ocrx_word' id='word_1_442' title='bbox 1170 4103 1352 4150; x_wconf 81' lang='lat' dir='ltr'>careant,</span> <span class='ocrx_word' id='word_1_443' title='bbox 1381 4112 1519 4141; x_wconf 90' lang='lat' dir='ltr'>eorum</span> 
     </span>
     <span class='ocr_line' id='line_1_55' title="bbox 236 4157 1521 4215; baseline 0.01 -24"><span class='ocrx_word' id='word_1_444' title='bbox 236 4157 339 4194; x_wconf 58' lang='grc' dir='ltr'>κῆρες</span> <span class='ocrx_word' id='word_1_445' title='bbox 360 4158 570 4196; x_wconf 80' lang='lat' dir='ltr'>ministerio</span> <span class='ocrx_word' id='word_1_446' title='bbox 588 4159 802 4198; x_wconf 86' lang='lat' dir='ltr'>liberorum</span> <span class='ocrx_word' id='word_1_447' title='bbox 820 4171 983 4199; x_wconf 88' lang='lat' dir='ltr'>suorum</span> <span class='ocrx_word' id='word_1_448' title='bbox 1008 4172 1074 4201; x_wconf 87' lang='lat' dir='ltr'>eos</span> <span class='ocrx_word' id='word_1_449' title='bbox 1097 4173 1374 4213; x_wconf 83' lang='lat' dir='ltr'>compensare,</span> <span class='ocrx_word' id='word_1_450' title='bbox 1397 4177 1521 4215; x_wconf 91' lang='lat' dir='ltr'>quum</span> 
     </span>
     <span class='ocr_line' id='line_1_56' title="bbox 236 4219 1523 4276; baseline 0.01 -21"><span class='ocrx_word' id='word_1_451' title='bbox 236 4219 456 4266; x_wconf 77' lang='lat' dir='ltr'>proximum</span> <span class='ocrx_word' id='word_1_452' title='bbox 477 4221 589 4260; x_wconf 64' lang='lat' dir='ltr'>adsit.</span> <span class='ocrx_word' id='word_1_453' title='bbox 644 4224 908 4263; x_wconf 80' lang='lat' dir='ltr'>Brachmanes</span> <span class='ocrx_word' id='word_1_454' title='bbox 924 4234 1015 4263; x_wconf 88' lang='lat' dir='ltr'>cum</span> <span class='ocrx_word' id='word_1_455' title='bbox 1047 4226 1238 4264; x_wconf 82' lang='lat' dir='ltr'>uxoribus</span> <span class='ocrx_word' id='word_1_456' title='bbox 1254 4238 1333 4265; x_wconf 89' lang='lat' dir='ltr'>non</span> <span class='ocrx_word' id='word_1_457' title='bbox 1357 4228 1523 4276; x_wconf 84' lang='lat' dir='ltr'>philoso-</span> 
     </span>
     <span class='ocr_line' id='line_1_57' title="bbox 231 4281 1520 4342; baseline 0.012 -25"><span class='ocrx_word' id='word_1_458' title='bbox 231 4281 347 4328; x_wconf 55' lang='lat' dir='ltr'>phari</span> <span class='ocrx_word' id='word_1_459' title='bbox 362 4310 371 4328; x_wconf 95' lang='lat'>,</span> <span class='ocrx_word' id='word_1_460' title='bbox 393 4294 466 4330; x_wconf 73' lang='lat' dir='ltr'>ne,</span> <span class='ocrx_word' id='word_1_461' title='bbox 489 4284 517 4320; x_wconf 76' lang='lat' dir='ltr'>si</span> <span class='ocrx_word' id='word_1_462' title='bbox 539 4283 728 4333; x_wconf 76' lang='lat' dir='ltr'>improbae</span> <span class='ocrx_word' id='word_1_463' title='bbox 745 4286 843 4334; x_wconf 85' lang='lat' dir='ltr'>sint,</span> <span class='ocrx_word' id='word_1_464' title='bbox 866 4288 1012 4336; x_wconf 79' lang='lat' dir='ltr'>aliquid</span> <span class='ocrx_word' id='word_1_465' title='bbox 1037 4288 1143 4336; x_wconf 87' lang='lat' dir='ltr'>quod</span> <span class='ocrx_word' id='word_1_466' title='bbox 1168 4290 1298 4328; x_wconf 79' lang='lat' dir='ltr'>efferri</span> <span class='ocrx_word' id='word_1_467' title='bbox 1322 4292 1432 4331; x_wconf 85' lang='lat' dir='ltr'>nefas</span> <span class='ocrx_word' id='word_1_468' title='bbox 1447 4292 1520 4342; x_wconf 85' lang='lat' dir='ltr'>sit,</span> 
     </span>
    </p>
   </div>
   <div class='ocr_carea' id='block_1_5' title="bbox 1326 289 1774 340">
    <p class='ocr_par' dir='ltr' id='par_1_6' title="bbox 1326 289 1774 340">
     <span class='ocr_line' id='line_1_58' title="bbox 1326 289 1774 340; baseline -0.007 0"><span class='ocrx_word' id='word_1_469' title='bbox 1326 293 1375 339; x_wconf 93' lang='lat' dir='ltr'><strong>M</strong></span> <span class='ocrx_word' id='word_1_470' title='bbox 1383 290 1624 340; x_wconf 85' lang='lat' dir='ltr'><strong>EGASTH</strong></span> <span class='ocrx_word' id='word_1_471' title='bbox 1633 289 1774 339; x_wconf 72' lang='lat' dir='ltr'>1⁴:le</span> 
     </span>
    </p>
   </div>
   <div class='ocr_carea' id='block_1_6' title="bbox 224 390 2951 488">
    <p class='ocr_par' dir='ltr' id='par_1_7' title="bbox 224 390 2951 488">
     <span class='ocr_line' id='line_1_59' title="bbox 224 390 2951 488; baseline -0.001 -38"><span class='ocrx_word' id='word_1_472' title='bbox 224 403 405 450; x_wconf 72' lang='grc' dir='ltr'>διδόναι·</span> <span class='ocrx_word' id='word_1_473' title='bbox 429 402 503 453; x_wconf 79' lang='grc' dir='ltr'>τὰς</span> <span class='ocrx_word' id='word_1_474' title='bbox 534 401 569 448; x_wconf 80' lang='grc' dir='ltr'>δ’</span> <span class='ocrx_word' id='word_1_475' title='bbox 591 402 746 459; x_wconf 74' lang='grc' dir='ltr'>ἥδιστα</span> <span class='ocrx_word' id='word_1_476' title='bbox 778 401 1078 466; x_wconf 85' lang='grc' dir='ltr'>ἀκροωμένας,</span> <span class='ocrx_word' id='word_1_477' title='bbox 1109 402 1271 461; x_wconf 84' lang='grc' dir='ltr'>μᾶλλον</span> <span class='ocrx_word' id='word_1_478' title='bbox 1301 399 1516 453; x_wconf 80' lang='grc' dir='ltr'>εὐτέκνους</span> <span class='ocrx_word' id='word_1_479' title='bbox 1551 409 1557 432; x_wconf 78' lang='lat'><strong>¹</strong></span> <span class='ocrx_word' id='word_1_480' title='bbox 1592 398 1686 446; x_wconf 83' lang='grc' dir='ltr'>τοτὲ</span> <span class='ocrx_word' id='word_1_481' title='bbox 1714 397 1791 460; x_wconf 79' lang='grc' dir='ltr'>μὲν</span> <span class='ocrx_word' id='word_1_482' title='bbox 1818 397 2054 488; x_wconf 80' lang='grc' dir='ltr'>ἄχθεσθαι,</span> <span class='ocrx_word' id='word_1_483' title='bbox 2082 396 2177 444; x_wconf 86' lang='grc' dir='ltr'>τοτὲ</span> <span class='ocrx_word' id='word_1_484' title='bbox 2209 397 2244 443; x_wconf 90' lang='grc' dir='ltr'>δ’</span> <span class='ocrx_word' id='word_1_485' title='bbox 2273 400 2326 444; x_wconf 83' lang='grc' dir='ltr'>αὖ</span> <span class='ocrx_word' id='word_1_486' title='bbox 2359 393 2527 462; x_wconf 82' lang='grc' dir='ltr'>χαίρειν</span> <span class='ocrx_word' id='word_1_487' title='bbox 2559 390 2887 462; x_wconf 77' lang='grc' dir='ltr'>μεταὸαλλομε-</span> <span class='ocrx_word' id='word_1_488' title='bbox 2948 452 2951 459; x_wconf 65' lang='lat'>.</span> 
     </span>
    </p>
   </div>
   <div class='ocr_carea' id='block_1_7' title="bbox 1571 2929 2895 2992">
    <p class='ocr_par' dir='ltr' id='par_1_8' title="bbox 1571 2929 2895 2992">
     <span class='ocr_line' id='line_1_60' title="bbox 1571 2929 2895 2992; baseline -0.005 -11"><span class='ocrx_word' id='word_1_489' title='bbox 1571 2977 1576 2981; x_wconf 94' lang='lat'>.</span> <span class='ocrx_word' id='word_1_490' title='bbox 1592 2940 1634 2980; x_wconf 89' lang='lat' dir='ltr'>in</span> <span class='ocrx_word' id='word_1_491' title='bbox 1646 2942 1830 2991; x_wconf 85' lang='lat' dir='ltr'>profanos</span> <span class='ocrx_word' id='word_1_492' title='bbox 1844 2942 2032 2982; x_wconf 80' lang='lat' dir='ltr'>efferant:</span> <span class='ocrx_word' id='word_1_493' title='bbox 2049 2941 2082 2981; x_wconf 90' lang='lat' dir='ltr'>si</span> <span class='ocrx_word' id='word_1_494' title='bbox 2097 2940 2248 2992; x_wconf 80' lang='lat' dir='ltr'>probae,</span> <span class='ocrx_word' id='word_1_495' title='bbox 2267 2951 2317 2980; x_wconf 89' lang='lat' dir='ltr'>ne</span> <span class='ocrx_word' id='word_1_496' title='bbox 2331 2940 2437 2979; x_wconf 89' lang='lat' dir='ltr'>viros</span> <span class='ocrx_word' id='word_1_497' title='bbox 2452 2939 2691 2990; x_wconf 81' lang='lat' dir='ltr'>relinquant.</span> <span class='ocrx_word' id='word_1_498' title='bbox 2708 2940 2809 2979; x_wconf 85' lang='lat' dir='ltr'>Nam</span> <span class='ocrx_word' id='word_1_499' title='bbox 2824 2929 2895 2988; x_wconf 71' lang='lat' dir='ltr'>qui</span> 
     </span>
    </p>
   </div>
   <div class='ocr_carea' id='block_1_8' title="bbox 2948 55 2979 222">
    <p class='ocr_par' dir='ltr' id='par_1_9' title="bbox 2948 55 2979 231">
     <span class='ocr_line' id='line_1_61' title="bbox 2958 55 2973 88; baseline 0 -29"><span class='ocrx_word' id='word_1_500' title='bbox 2958 55 2973 88; x_wconf 34' lang='grc' dir='ltr'>ζ’,</span> 
     </span>
     <span class='ocr_line' id='line_1_62' title="bbox 2949 103 2979 122; baseline 0 -4"><span class='ocrx_word' id='word_1_501' title='bbox 2949 103 2979 122; x_wconf 68' lang='lat' dir='ltr'>s.</span> 
     </span>
     <span class='ocr_line' id='line_1_63' title="bbox 2951 142 2965 157; baseline 0 -11"><span class='ocrx_word' id='word_1_502' title='bbox 2951 142 2965 157; x_wconf 41' lang='lat' dir='ltr'><em>K</em></span> 
     </span>
     <span class='ocr_line' id='line_1_64' title="bbox 2948 205 2959 222; baseline 0 9"><span class='ocrx_word' id='word_1_503' title='bbox 2948 205 2959 222; x_wconf 81' lang='lat'>&#39;-</span> 
     </span>
    </p>
   </div>
   <div class='ocr_carea' id='block_1_9' title="bbox 2951 151 2999 347">
    <p class='ocr_par' dir='ltr' id='par_1_10' title="bbox 2951 151 2999 347">
     <span class='ocr_line' id='line_1_65' title="bbox 2978 151 2999 212; baseline 0 4"><span class='ocrx_word' id='word_1_504' title='bbox 2978 151 2999 212; x_wconf 95' lang='grc'><em>4</em></span> 
     </span>
     <span class='ocr_line' id='line_1_66' title="bbox 2986 212 2999 276; baseline 0 0"><span class='ocrx_word' id='word_1_505' title='bbox 2986 212 2999 276; x_wconf 65' lang='lat' dir='ltr'>l</span> 
     </span>
     <span class='ocr_line' id='line_1_67' title="bbox 2951 303 2999 347; baseline 0 -38"><span class='ocrx_word' id='word_1_506' title='bbox 2951 306 2954 309; x_wconf 46' lang='lat'>.</span> <span class='ocrx_word' id='word_1_507' title='bbox 2986 303 2999 347; x_wconf 26' lang='lat' dir='ltr'>,l</span> 
     </span>
    </p>
   </div>
   <div class='ocr_carea' id='block_1_10' title="bbox 2760 502 3012 4628">
    <p class='ocr_par' dir='ltr' id='par_1_11' title="bbox 2760 502 3012 4628">
     <span class='ocr_line' id='line_1_68' title="bbox 2940 502 3012 714; baseline 0 -72"><span class='ocrx_word' id='word_1_508' title='bbox 2940 502 3012 714; x_wconf 95' lang='lat' dir='ltr'>   </span> 
     </span>
     <span class='ocr_line' id='line_1_69' title="bbox 2940 714 3012 788; baseline 0 3840"><span class='ocrx_word' id='word_1_509' title='bbox 2940 714 3012 788; x_wconf 95' lang='lat' dir='ltr'> </span> 
     </span>
     <span class='ocr_line' id='line_1_70' title="bbox 2940 788 3012 863; baseline 0 3765"><span class='ocrx_word' id='word_1_510' title='bbox 2940 788 3012 863; x_wconf 95' lang='lat' dir='ltr'> </span> 
     </span>
     <span class='ocr_line' id='line_1_71' title="bbox 2940 863 3012 937; baseline 0 3691"><span class='ocrx_word' id='word_1_511' title='bbox 2940 863 3012 937; x_wconf 95' lang='lat' dir='ltr'> </span> 
     </span>
     <span class='ocr_line' id='line_1_72' title="bbox 2940 937 3012 1009; baseline 0 3619"><span class='ocrx_word' id='word_1_512' title='bbox 2940 937 3012 1009; x_wconf 95' lang='lat' dir='ltr'> </span> 
     </span>
     <span class='ocr_line' id='line_1_73' title="bbox 2940 1009 3012 1079; baseline 0 3549"><span class='ocrx_word' id='word_1_513' title='bbox 2940 1009 3012 1079; x_wconf 95' lang='lat' dir='ltr'> </span> 
     </span>
     <span class='ocr_line' id='line_1_74' title="bbox 2940 1079 3012 1151; baseline 0 3477"><span class='ocrx_word' id='word_1_514' title='bbox 2940 1079 3012 1151; x_wconf 95' lang='lat' dir='ltr'> </span> 
     </span>
     <span class='ocr_line' id='line_1_75' title="bbox 2940 1151 3012 1227; baseline 0 3401"><span class='ocrx_word' id='word_1_515' title='bbox 2940 1151 3012 1227; x_wconf 95' lang='lat' dir='ltr'> </span> 
     </span>
     <span class='ocr_line' id='line_1_76' title="bbox 2940 1227 3012 1294; baseline 0 3334"><span class='ocrx_word' id='word_1_516' title='bbox 2940 1227 3012 1294; x_wconf 95' lang='lat' dir='ltr'> </span> 
     </span>
     <span class='ocr_line' id='line_1_77' title="bbox 2940 1294 3012 1372; baseline 0 3256"><span class='ocrx_word' id='word_1_517' title='bbox 2940 1294 3012 1372; x_wconf 95' lang='lat' dir='ltr'> </span> 
     </span>
     <span class='ocr_line' id='line_1_78' title="bbox 2940 1372 3012 1442; baseline 0 3186"><span class='ocrx_word' id='word_1_518' title='bbox 2940 1372 3012 1442; x_wconf 95' lang='lat' dir='ltr'> </span> 
     </span>
     <span class='ocr_line' id='line_1_79' title="bbox 2940 1442 3012 1514; baseline 0 3114"><span class='ocrx_word' id='word_1_519' title='bbox 2940 1442 3012 1514; x_wconf 95' lang='lat' dir='ltr'> </span> 
     </span>
     <span class='ocr_line' id='line_1_80' title="bbox 2940 1514 3012 1585; baseline 0 3043"><span class='ocrx_word' id='word_1_520' title='bbox 2940 1514 3012 1585; x_wconf 95' lang='lat' dir='ltr'> </span> 
     </span>
     <span class='ocr_line' id='line_1_81' title="bbox 2940 1585 3012 1662; baseline 0 2966"><span class='ocrx_word' id='word_1_521' title='bbox 2940 1585 3012 1662; x_wconf 95' lang='lat' dir='ltr'> </span> 
     </span>
     <span class='ocr_line' id='line_1_82' title="bbox 2940 1662 3012 1734; baseline 0 2894"><span class='ocrx_word' id='word_1_522' title='bbox 2940 1662 3012 1734; x_wconf 95' lang='lat' dir='ltr'> </span> 
     </span>
     <span class='ocr_line' id='line_1_83' title="bbox 2940 1734 3012 1808; baseline 0 2820"><span class='ocrx_word' id='word_1_523' title='bbox 2940 1734 3012 1808; x_wconf 95' lang='lat' dir='ltr'> </span> 
     </span>
     <span class='ocr_line' id='line_1_84' title="bbox 2940 1808 3012 1876; baseline 0 2752"><span class='ocrx_word' id='word_1_524' title='bbox 2940 1808 3012 1876; x_wconf 95' lang='lat' dir='ltr'> </span> 
     </span>
     <span class='ocr_line' id='line_1_85' title="bbox 2940 1876 3012 1948; baseline 0 2680"><span class='ocrx_word' id='word_1_525' title='bbox 2940 1876 3012 1948; x_wconf 95' lang='lat' dir='ltr'> </span> 
     </span>
     <span class='ocr_line' id='line_1_86' title="bbox 2940 1948 3012 2024; baseline 0 2604"><span class='ocrx_word' id='word_1_526' title='bbox 2940 1948 3012 2024; x_wconf 95' lang='lat' dir='ltr'> </span> 
     </span>
     <span class='ocr_line' id='line_1_87' title="bbox 2934 2024 3012 2098; baseline 0 2530"><span class='ocrx_word' id='word_1_527' title='bbox 2934 2024 3012 2098; x_wconf 95' lang='lat' dir='ltr'> </span> 
     </span>
     <span class='ocr_line' id='line_1_88' title="bbox 2916 2098 3012 2173; baseline 0 2455"><span class='ocrx_word' id='word_1_528' title='bbox 2916 2098 3012 2173; x_wconf 95' lang='lat' dir='ltr'> </span> 
     </span>
     <span class='ocr_line' id='line_1_89' title="bbox 2891 2173 3012 2399; baseline 0 -8"><span class='ocrx_word' id='word_1_529' title='bbox 2891 2173 3012 2399; x_wconf 95' lang='lat' dir='ltr'>     </span> 
     </span>
     <span class='ocr_line' id='line_1_90' title="bbox 2893 2399 3008 2469; baseline 0 -3"><span class='ocrx_word' id='word_1_530' title='bbox 2893 2399 3008 2469; x_wconf 95' lang='lat' dir='ltr'>  </span> 
     </span>
     <span class='ocr_line' id='line_1_91' title="bbox 2903 2469 3012 2665; baseline 0 -55"><span class='ocrx_word' id='word_1_531' title='bbox 2903 2469 3012 2665; x_wconf 95' lang='lat' dir='ltr'>   </span> 
     </span>
     <span class='ocr_line' id='line_1_92' title="bbox 2906 2665 3012 2756; baseline 0 1872"><span class='ocrx_word' id='word_1_532' title='bbox 2906 2665 3012 2756; x_wconf 95' lang='lat' dir='ltr'> </span> 
     </span>
     <span class='ocr_line' id='line_1_93' title="bbox 2912 2756 3012 3023; baseline 0 -191"><span class='ocrx_word' id='word_1_533' title='bbox 2912 2756 3012 3023; x_wconf 95' lang='lat' dir='ltr'>   </span> 
     </span>
     <span class='ocr_line' id='line_1_94' title="bbox 2940 3023 3012 3210; baseline 0 -64"><span class='ocrx_word' id='word_1_534' title='bbox 2940 3023 3012 3210; x_wconf 95' lang='lat' dir='ltr'>   </span> 
     </span>
     <span class='ocr_line' id='line_1_95' title="bbox 2940 3210 3012 3277; baseline 0 1351"><span class='ocrx_word' id='word_1_535' title='bbox 2940 3210 3012 3277; x_wconf 95' lang='lat' dir='ltr'> </span> 
     </span>
     <span class='ocr_line' id='line_1_96' title="bbox 2940 3277 3012 3341; baseline 0 1287"><span class='ocrx_word' id='word_1_536' title='bbox 2940 3277 3012 3341; x_wconf 95' lang='lat' dir='ltr'> </span> 
     </span>
     <span class='ocr_line' id='line_1_97' title="bbox 2908 3341 3012 3408; baseline 0 1220"><span class='ocrx_word' id='word_1_537' title='bbox 2908 3341 3012 3408; x_wconf 95' lang='lat' dir='ltr'> </span> 
     </span>
     <span class='ocr_line' id='line_1_98' title="bbox 2902 3408 3012 3538; baseline 0 -73"><span class='ocrx_word' id='word_1_538' title='bbox 2902 3408 3012 3538; x_wconf 95' lang='lat' dir='ltr'>  </span> 
     </span>
     <span class='ocr_line' id='line_1_99' title="bbox 2902 3538 3012 3605; baseline 0 1023"><span class='ocrx_word' id='word_1_539' title='bbox 2902 3538 3012 3605; x_wconf 95' lang='lat' dir='ltr'> </span> 
     </span>
     <span class='ocr_line' id='line_1_100' title="bbox 2806 3605 3012 3789; baseline 0 -104"><span class='ocrx_word' id='word_1_540' title='bbox 2806 3605 3012 3789; x_wconf 95' lang='lat' dir='ltr'>    </span> 
     </span>
     <span class='ocr_line' id='line_1_101' title="bbox 2796 3789 3012 3860; baseline 0 0"><span class='ocrx_word' id='word_1_541' title='bbox 2796 3789 3012 3860; x_wconf 95' lang='lat' dir='ltr'>  </span> 
     </span>
     <span class='ocr_line' id='line_1_102' title="bbox 2760 3860 3012 4051; baseline 0 -49"><span class='ocrx_word' id='word_1_542' title='bbox 2760 3860 3012 4051; x_wconf 95' lang='lat' dir='ltr'>    </span> 
     </span>
     <span class='ocr_line' id='line_1_103' title="bbox 2776 4051 3012 4240; baseline 0 -109"><span class='ocrx_word' id='word_1_543' title='bbox 2776 4051 3012 4240; x_wconf 95' lang='lat' dir='ltr'>    </span> 
     </span>
     <span class='ocr_line' id='line_1_104' title="bbox 2793 4240 3012 4628; baseline 0 -371"><span class='ocrx_word' id='word_1_544' title='bbox 2793 4240 3012 4628; x_wconf 95' lang='lat' dir='ltr'>    </span> 
     </span>
    </p>
   </div>
   <div class='ocr_carea' id='block_1_11' title="bbox 1590 467 2991 2867">
    <p class='ocr_par' dir='ltr' id='par_1_12' title="bbox 1590 467 2995 2867">
     <span class='ocr_line' id='line_1_105' title="bbox 1594 467 2949 538; baseline 0.001 -21"><span class='ocrx_word' id='word_1_545' title='bbox 1594 491 1699 524; x_wconf 91' lang='grc' dir='ltr'>νους</span> <span class='ocrx_word' id='word_1_546' title='bbox 1740 469 1800 519; x_wconf 87' lang='grc' dir='ltr'><strong>Γ</strong></span> <span class='ocrx_word' id='word_1_547' title='bbox 1785 491 1811 517; x_wconf 94' lang='grc' dir='ltr'>α</span> <span class='ocrx_word' id='word_1_548' title='bbox 1847 470 1891 517; x_wconf 88' lang='lat'>63</span> <span class='ocrx_word' id='word_1_549' title='bbox 1923 489 2021 534; x_wconf 92' lang='grc' dir='ltr'>περι</span> <span class='ocrx_word' id='word_1_550' title='bbox 2057 468 2198 535; x_wconf 89' lang='grc' dir='ltr'>φύσιν,</span> <span class='ocrx_word' id='word_1_551' title='bbox 2230 467 2284 515; x_wconf 79' lang='grc' dir='ltr'>τὰ</span> <span class='ocrx_word' id='word_1_552' title='bbox 2321 467 2398 530; x_wconf 82' lang='grc' dir='ltr'>μὲν</span> <span class='ocrx_word' id='word_1_553' title='bbox 2435 469 2631 527; x_wconf 79' lang='grc' dir='ltr'>εὐήθειαν</span> <span class='ocrx_word' id='word_1_554' title='bbox 2670 470 2888 538; x_wconf 74' lang='grc' dir='ltr'>ἐμφαίνειν</span> <span class='ocrx_word' id='word_1_555' title='bbox 2948 502 2949 506; x_wconf 66' lang='lat'><em>=</em></span> 
     </span>
     <span class='ocr_line' id='line_1_106' title="bbox 1593 536 2927 607; baseline 0.002 -18"><span class='ocrx_word' id='word_1_556' title='bbox 1593 542 1744 607; x_wconf 85' lang='grc' dir='ltr'>φησίν·</span> <span class='ocrx_word' id='word_1_557' title='bbox 1772 545 1815 589; x_wconf 83' lang='grc' dir='ltr'>ἓν</span> <span class='ocrx_word' id='word_1_558' title='bbox 1847 540 1984 606; x_wconf 85' lang='grc' dir='ltr'>ἔργοις</span> <span class='ocrx_word' id='word_1_559' title='bbox 2011 539 2095 606; x_wconf 83' lang='grc' dir='ltr'>γὰρ</span> <span class='ocrx_word' id='word_1_560' title='bbox 2121 539 2273 595; x_wconf 81' lang='grc' dir='ltr'>αὐτους</span> <span class='ocrx_word' id='word_1_561' title='bbox 2293 540 2510 607; x_wconf 88' lang='grc' dir='ltr'>κρείττους</span> <span class='ocrx_word' id='word_1_562' title='bbox 2538 540 2567 600; x_wconf 77' lang='grc' dir='ltr'>ἢ</span> <span class='ocrx_word' id='word_1_563' title='bbox 2595 543 2735 606; x_wconf 88' lang='grc' dir='ltr'>λόγοις</span> <span class='ocrx_word' id='word_1_564' title='bbox 2758 536 2891 605; x_wconf 66' lang='grc' dir='ltr'>εἶναι,</span> <span class='ocrx_word' id='word_1_565' title='bbox 2922 575 2927 579; x_wconf 90' lang='grc'><strong>-</strong></span> 
     </span>
     <span class='ocr_line' id='line_1_107' title="bbox 1593 612 2942 692; baseline 0.004 -33"><span class='ocrx_word' id='word_1_566' title='bbox 1593 613 1662 660; x_wconf 81' lang='grc' dir='ltr'>διὰ</span> <span class='ocrx_word' id='word_1_567' title='bbox 1680 613 1825 676; x_wconf 89' lang='grc' dir='ltr'>μύθων</span> <span class='ocrx_word' id='word_1_568' title='bbox 1854 612 1910 661; x_wconf 85' lang='grc' dir='ltr'>τὰ</span> <span class='ocrx_word' id='word_1_569' title='bbox 1929 613 2067 660; x_wconf 84' lang='grc' dir='ltr'>πολλὰ</span> <span class='ocrx_word' id='word_1_570' title='bbox 2083 612 2408 676; x_wconf 85' lang='grc' dir='ltr'>πιστουμένους·</span> <span class='ocrx_word' id='word_1_571' title='bbox 2432 614 2531 680; x_wconf 82' lang='grc' dir='ltr'>περὶ</span> <span class='ocrx_word' id='word_1_572' title='bbox 2547 617 2719 664; x_wconf 81' lang='grc' dir='ltr'>πολλῶν</span> <span class='ocrx_word' id='word_1_573' title='bbox 2740 615 2786 665; x_wconf 74' lang='grc' dir='ltr'>δὲ</span> <span class='ocrx_word' id='word_1_574' title='bbox 2804 623 2893 674; x_wconf 81' lang='grc' dir='ltr'>τοῖς</span> <span class='ocrx_word' id='word_1_575' title='bbox 2925 647 2942 692; x_wconf 62' lang='lat'>«4</span> 
     </span>
     <span class='ocr_line' id='line_1_108' title="bbox 1591 683 2938 754; baseline 0.005 -21"><span class='ocrx_word' id='word_1_576' title='bbox 1591 686 1807 745; x_wconf 68' lang='grc' dir='ltr'>”Ελλησιν</span> <span class='ocrx_word' id='word_1_577' title='bbox 1825 685 2042 749; x_wconf 81' lang='grc' dir='ltr'>ὁμοδοξεῖν</span> <span class='ocrx_word' id='word_1_578' title='bbox 2070 686 2084 748; x_wconf 95' lang='grc'><strong>(</strong></span> <span class='ocrx_word' id='word_1_579' title='bbox 2101 687 2161 736; x_wconf 88' lang='lat' dir='ltr'>cf.</span> <span class='ocrx_word' id='word_1_580' title='bbox 2184 688 2240 736; x_wconf 86' lang='lat' dir='ltr'>fr.</span> <span class='ocrx_word' id='word_1_581' title='bbox 2259 695 2315 743; x_wconf 73' lang='lat'>41</span> <span class='ocrx_word' id='word_1_582' title='bbox 2334 689 2372 751; x_wconf 86' lang='lat'>)·</span> <span class='ocrx_word' id='word_1_583' title='bbox 2396 685 2462 735; x_wconf 76' lang='grc' dir='ltr'>ὅτι</span> <span class='ocrx_word' id='word_1_584' title='bbox 2478 687 2563 754; x_wconf 82' lang='grc' dir='ltr'>γὰρ</span> <span class='ocrx_word' id='word_1_585' title='bbox 2578 689 2755 753; x_wconf 72' lang='grc' dir='ltr'>γενητὸς</span> <span class='ocrx_word' id='word_1_586' title='bbox 2773 683 2796 738; x_wconf 82' lang='lat'>6</span> <span class='ocrx_word' id='word_1_587' title='bbox 2814 690 2892 739; x_wconf 82' lang='grc' dir='ltr'>κό·</span> <span class='ocrx_word' id='word_1_588' title='bbox 2922 694 2938 729; x_wconf 62' lang='grc' dir='ltr'>ἕ</span> 
     </span>
     <span class='ocr_line' id='line_1_109' title="bbox 1593 757 2946 828; baseline 0.005 -24"><span class='ocrx_word' id='word_1_589' title='bbox 1593 777 1697 815; x_wconf 89' lang='grc' dir='ltr'>σμος</span> <span class='ocrx_word' id='word_1_590' title='bbox 1709 757 1782 805; x_wconf 70' lang='grc' dir='ltr'>καὶ</span> <span class='ocrx_word' id='word_1_591' title='bbox 1807 757 2004 823; x_wconf 81' lang='grc' dir='ltr'>φθαρτὸς,</span> <span class='ocrx_word' id='word_1_592' title='bbox 2014 758 2153 821; x_wconf 86' lang='grc' dir='ltr'>λέγειν</span> <span class='ocrx_word' id='word_1_593' title='bbox 2175 758 2411 818; x_wconf 86' lang='grc' dir='ltr'>κάκείνους,</span> <span class='ocrx_word' id='word_1_594' title='bbox 2430 760 2505 808; x_wconf 76' lang='grc' dir='ltr'>καὶ</span> <span class='ocrx_word' id='word_1_595' title='bbox 2517 759 2582 808; x_wconf 79' lang='grc' dir='ltr'>ὅτι</span> <span class='ocrx_word' id='word_1_596' title='bbox 2598 762 2893 828; x_wconf 79' lang='grc' dir='ltr'>σφαιροειδής·</span> <span class='ocrx_word' id='word_1_597' title='bbox 2917 779 2946 799; x_wconf 92' lang='grc'>·</span> 
     </span>
     <span class='ocr_line' id='line_1_110' title="bbox 1593 821 2944 902; baseline 0.007 -26"><span class='ocrx_word' id='word_1_598' title='bbox 1593 831 1618 876; x_wconf 80' lang='grc' dir='ltr'>δ’</span> <span class='ocrx_word' id='word_1_599' title='bbox 1646 850 1689 877; x_wconf 91' lang='grc' dir='ltr'>τε</span> <span class='ocrx_word' id='word_1_600' title='bbox 1729 832 1896 878; x_wconf 87' lang='grc' dir='ltr'>διοικῶν</span> <span class='ocrx_word' id='word_1_601' title='bbox 1923 830 2048 878; x_wconf 79' lang='grc' dir='ltr'>αὐτὸν</span> <span class='ocrx_word' id='word_1_602' title='bbox 2074 830 2150 878; x_wconf 81' lang='grc' dir='ltr'>καὶ</span> <span class='ocrx_word' id='word_1_603' title='bbox 2183 835 2316 880; x_wconf 85' lang='grc' dir='ltr'>ποιῶν</span> <span class='ocrx_word' id='word_1_604' title='bbox 2338 833 2428 888; x_wconf 82' lang='grc' dir='ltr'>θεὸς</span> <span class='ocrx_word' id='word_1_605' title='bbox 2457 827 2512 881; x_wconf 90' lang='grc' dir='ltr'>δι’</span> <span class='ocrx_word' id='word_1_606' title='bbox 2537 834 2636 883; x_wconf 84' lang='grc' dir='ltr'>ὅλου</span> <span class='ocrx_word' id='word_1_607' title='bbox 2667 835 2891 902; x_wconf 79' lang='grc' dir='ltr'>διαπεφόί·</span> <span class='ocrx_word' id='word_1_608' title='bbox 2926 821 2944 894; x_wconf 59' lang='grc' dir='ltr'>Ξ</span> 
     </span>
     <span class='ocr_line' id='line_1_111' title="bbox 1591 903 2942 974; baseline 0.003 -26"><span class='ocrx_word' id='word_1_609' title='bbox 1591 922 1720 960; x_wconf 86' lang='grc' dir='ltr'>τηκεν</span> <span class='ocrx_word' id='word_1_610' title='bbox 1746 923 1899 951; x_wconf 89' lang='grc' dir='ltr'>αυτου·</span> <span class='ocrx_word' id='word_1_611' title='bbox 1923 903 2056 968; x_wconf 87' lang='grc' dir='ltr'>ἀρχαι</span> <span class='ocrx_word' id='word_1_612' title='bbox 2082 903 2125 951; x_wconf 81' lang='lat'>63</span> <span class='ocrx_word' id='word_1_613' title='bbox 2145 907 2230 952; x_wconf 87' lang='grc' dir='ltr'>τῶν</span> <span class='ocrx_word' id='word_1_614' title='bbox 2253 903 2330 968; x_wconf 84' lang='grc' dir='ltr'>μὲν</span> <span class='ocrx_word' id='word_1_615' title='bbox 2353 906 2617 969; x_wconf 76' lang='grc' dir='ltr'>συμπάντων</span> <span class='ocrx_word' id='word_1_616' title='bbox 2632 906 2795 974; x_wconf 83' lang='grc' dir='ltr'>ἕτεραι,</span> <span class='ocrx_word' id='word_1_617' title='bbox 2814 910 2892 968; x_wconf 75' lang='grc' dir='ltr'>τῆς</span> <span class='ocrx_word' id='word_1_618' title='bbox 2928 903 2942 965; x_wconf 56' lang='grc' dir='ltr'>,ἶ</span> 
     </span>
     <span class='ocr_line' id='line_1_112' title="bbox 1593 975 2934 1045; baseline 0.006 -24"><span class='ocrx_word' id='word_1_619' title='bbox 1593 975 1636 1022; x_wconf 89' lang='lat'>63</span> <span class='ocrx_word' id='word_1_620' title='bbox 1671 975 1954 1039; x_wconf 89' lang='grc' dir='ltr'>κοσμοποιίας</span> <span class='ocrx_word' id='word_1_621' title='bbox 1986 976 2034 1024; x_wconf 85' lang='grc' dir='ltr'>τὸ</span> <span class='ocrx_word' id='word_1_622' title='bbox 2058 975 2192 1042; x_wconf 88' lang='grc' dir='ltr'>υδωρ·</span> <span class='ocrx_word' id='word_1_623' title='bbox 2225 977 2329 1043; x_wconf 82' lang='grc' dir='ltr'>πρὸς</span> <span class='ocrx_word' id='word_1_624' title='bbox 2353 977 2398 1025; x_wconf 87' lang='lat'>63</span> <span class='ocrx_word' id='word_1_625' title='bbox 2430 997 2517 1033; x_wconf 90' lang='grc' dir='ltr'>τοις</span> <span class='ocrx_word' id='word_1_626' title='bbox 2548 978 2751 1045; x_wconf 85' lang='grc' dir='ltr'>τέτταρσι</span> <span class='ocrx_word' id='word_1_627' title='bbox 2772 991 2891 1029; x_wconf 82' lang='grc' dir='ltr'>’στοι-</span> <span class='ocrx_word' id='word_1_628' title='bbox 2932 1043 2934 1045; x_wconf 73' lang='lat'>.</span> 
     </span>
     <span class='ocr_line' id='line_1_113' title="bbox 1591 1048 2947 1118; baseline 0.006 -24"><span class='ocrx_word' id='word_1_629' title='bbox 1591 1048 1723 1111; x_wconf 88' lang='grc' dir='ltr'>χείοις</span> <span class='ocrx_word' id='word_1_630' title='bbox 1753 1049 1933 1111; x_wconf 89' lang='grc' dir='ltr'>πέμπτη</span> <span class='ocrx_word' id='word_1_631' title='bbox 1958 1049 2021 1104; x_wconf 88' lang='grc' dir='ltr'>τίς</span> <span class='ocrx_word' id='word_1_632' title='bbox 2050 1051 2141 1096; x_wconf 81' lang='grc' dir='ltr'>ἐστι</span> <span class='ocrx_word' id='word_1_633' title='bbox 2174 1049 2318 1115; x_wconf 80' lang='grc' dir='ltr'>φύσις,</span> <span class='ocrx_word' id='word_1_634' title='bbox 2345 1051 2387 1107; x_wconf 82' lang='grc' dir='ltr'>ἐξ</span> <span class='ocrx_word' id='word_1_635' title='bbox 2409 1056 2460 1109; x_wconf 88' lang='grc' dir='ltr'>ἡς</span> <span class='ocrx_word' id='word_1_636' title='bbox 2484 1054 2506 1099; x_wconf 82' lang='grc' dir='ltr'><strong>ὅ</strong></span> <span class='ocrx_word' id='word_1_637' title='bbox 2531 1052 2709 1118; x_wconf 80' lang='grc' dir='ltr'>οὖρανὸς</span> <span class='ocrx_word' id='word_1_638' title='bbox 2734 1052 2810 1100; x_wconf 83' lang='grc' dir='ltr'>καὶ</span> <span class='ocrx_word' id='word_1_639' title='bbox 2833 1053 2893 1102; x_wconf 61' lang='grc' dir='ltr'>τὰ</span> <span class='ocrx_word' id='word_1_640' title='bbox 2942 1109 2947 1112; x_wconf 51' lang='grc'>,</span> 
     </span>
     <span class='ocr_line' id='line_1_114' title="bbox 1593 1119 2991 1192; baseline 0.006 -27"><span class='ocrx_word' id='word_1_641' title='bbox 1593 1119 1754 1184; x_wconf 82' lang='grc' dir='ltr'>ἄστρα·</span> <span class='ocrx_word' id='word_1_642' title='bbox 1780 1141 1836 1184; x_wconf 91' lang='grc' dir='ltr'>γη</span> <span class='ocrx_word' id='word_1_643' title='bbox 1874 1121 1909 1167; x_wconf 92' lang='grc' dir='ltr'>δ’</span> <span class='ocrx_word' id='word_1_644' title='bbox 1942 1122 1984 1167; x_wconf 81' lang='grc' dir='ltr'>ἐν</span> <span class='ocrx_word' id='word_1_645' title='bbox 2018 1120 2139 1188; x_wconf 85' lang='grc' dir='ltr'>μέσῳ</span> <span class='ocrx_word' id='word_1_646' title='bbox 2174 1121 2342 1187; x_wconf 79' lang='grc' dir='ltr'>ἵδρυται</span> <span class='ocrx_word' id='word_1_647' title='bbox 2370 1128 2444 1172; x_wconf 80' lang='grc' dir='ltr'>του</span> <span class='ocrx_word' id='word_1_648' title='bbox 2470 1123 2653 1179; x_wconf 88' lang='grc' dir='ltr'>παντός·</span> <span class='ocrx_word' id='word_1_649' title='bbox 2681 1124 2756 1172; x_wconf 82' lang='grc' dir='ltr'>καὶ</span> <span class='ocrx_word' id='word_1_650' title='bbox 2789 1125 2890 1192; x_wconf 61' lang='grc' dir='ltr'>περὶ</span> <span class='ocrx_word' id='word_1_651' title='bbox 2923 1148 2941 1191; x_wconf 76' lang='lat' dir='ltr'>j.</span> <span class='ocrx_word' id='word_1_652' title='bbox 2987 1140 2991 1191; x_wconf 67' lang='grc' dir='ltr'>ξ</span> 
     </span>
     <span class='ocr_line' id='line_1_115' title="bbox 1591 1191 2926 1286; baseline 0.006 -48"><span class='ocrx_word' id='word_1_653' title='bbox 1591 1191 1836 1255; x_wconf 88' lang='grc' dir='ltr'>σπέρματος</span> <span class='ocrx_word' id='word_1_654' title='bbox 1853 1192 1896 1239; x_wconf 84' lang='grc' dir='ltr'>δὲ</span> <span class='ocrx_word' id='word_1_655' title='bbox 1908 1193 1982 1241; x_wconf 86' lang='grc' dir='ltr'>καὶ</span> <span class='ocrx_word' id='word_1_656' title='bbox 1999 1195 2141 1286; x_wconf 75' lang='grc' dir='ltr'>ψυχῆς</span> <span class='ocrx_word' id='word_1_657' title='bbox 2157 1193 2284 1257; x_wconf 79' lang='grc' dir='ltr'>ὅμοια</span> <span class='ocrx_word' id='word_1_658' title='bbox 2298 1193 2486 1259; x_wconf 70' lang='grc' dir='ltr'>λέγεται,</span> <span class='ocrx_word' id='word_1_659' title='bbox 2505 1197 2580 1245; x_wconf 77' lang='grc' dir='ltr'>καὶ</span> <span class='ocrx_word' id='word_1_660' title='bbox 2599 1196 2714 1245; x_wconf 81' lang='grc' dir='ltr'>ἄλλα</span> <span class='ocrx_word' id='word_1_661' title='bbox 2726 1197 2889 1246; x_wconf 52' lang='lat' dir='ltr'>iactes·-</span> <span class='ocrx_word' id='word_1_662' title='bbox 2919 1218 2926 1222; x_wconf 81' lang='grc'>’</span> 
     </span>
     <span class='ocr_line' id='line_1_116' title="bbox 1590 1265 2991 1337; baseline 0.007 -27"><span class='ocrx_word' id='word_1_663' title='bbox 1590 1265 1920 1330; x_wconf 83' lang='grc' dir='ltr'>παραπλέκουσι</span> <span class='ocrx_word' id='word_1_664' title='bbox 1945 1266 1988 1313; x_wconf 84' lang='grc' dir='ltr'>δὲ</span> <span class='ocrx_word' id='word_1_665' title='bbox 2013 1267 2087 1323; x_wconf 78' lang='grc' dir='ltr'>καὶ</span> <span class='ocrx_word' id='word_1_666' title='bbox 2114 1266 2336 1330; x_wconf 64' lang='grc' dir='ltr'>μύθους,”</span> <span class='ocrx_word' id='word_1_667' title='bbox 2304 1277 2455 1334; x_wconf 83' lang='grc' dir='ltr'>ωσπερ</span> <span class='ocrx_word' id='word_1_668' title='bbox 2479 1269 2555 1317; x_wconf 76' lang='grc' dir='ltr'>καὶ</span> <span class='ocrx_word' id='word_1_669' title='bbox 2575 1270 2766 1319; x_wconf 77' lang='grc' dir='ltr'>Πλάτων</span> <span class='ocrx_word' id='word_1_670' title='bbox 2776 1266 2891 1337; x_wconf 74' lang='grc' dir='ltr'>περί</span> <span class='ocrx_word' id='word_1_671' title='bbox 2942 1283 2943 1286; x_wconf 76' lang='grc'>’</span> <span class='ocrx_word' id='word_1_672' title='bbox 2987 1267 2991 1282; x_wconf 73' lang='lat'><em>⁵</em></span> 
     </span>
     <span class='ocr_line' id='line_1_117' title="bbox 1590 1338 2947 1409; baseline 0.006 -25"><span class='ocrx_word' id='word_1_673' title='bbox 1590 1356 1636 1385; x_wconf 89' lang='grc' dir='ltr'>τε</span> <span class='ocrx_word' id='word_1_674' title='bbox 1660 1338 1901 1405; x_wconf 84' lang='grc' dir='ltr'>ἀφθαρσίας</span> <span class='ocrx_word' id='word_1_675' title='bbox 1922 1340 2086 1404; x_wconf 70' lang='grc' dir='ltr'>ψυχῆς,</span> <span class='ocrx_word' id='word_1_676' title='bbox 2111 1339 2187 1387; x_wconf 83' lang='grc' dir='ltr'>καὶ</span> <span class='ocrx_word' id='word_1_677' title='bbox 2217 1344 2302 1388; x_wconf 83' lang='grc' dir='ltr'>τῶν</span> <span class='ocrx_word' id='word_1_678' title='bbox 2337 1344 2434 1389; x_wconf 90' lang='grc' dir='ltr'>καθ’</span> <span class='ocrx_word' id='word_1_679' title='bbox 2458 1343 2563 1409; x_wconf 82' lang='grc' dir='ltr'>ᾅδου</span> <span class='ocrx_word' id='word_1_680' title='bbox 2595 1342 2795 1408; x_wconf 85' lang='grc' dir='ltr'>κρίσεων,</span> <span class='ocrx_word' id='word_1_681' title='bbox 2815 1343 2890 1392; x_wconf 76' lang='grc' dir='ltr'>καὶ</span> <span class='ocrx_word' id='word_1_682' title='bbox 2946 1366 2947 1378; x_wconf 65' lang='lat'>³</span> 
     </span>
     <span class='ocr_line' id='line_1_118' title="bbox 1592 1410 2991 1480; baseline 0.006 -22"><span class='ocrx_word' id='word_1_683' title='bbox 1592 1410 1705 1459; x_wconf 80' lang='grc' dir='ltr'>ἄλλα</span> <span class='ocrx_word' id='word_1_684' title='bbox 1725 1416 1921 1462; x_wconf 79' lang='grc' dir='ltr'>τοιαῦτα.</span> <span class='ocrx_word' id='word_1_685' title='bbox 1952 1412 2064 1478; x_wconf 75' lang='grc' dir='ltr'>Περὶ</span> <span class='ocrx_word' id='word_1_686' title='bbox 2086 1412 2163 1477; x_wconf 80' lang='grc' dir='ltr'>μὲν</span> <span class='ocrx_word' id='word_1_687' title='bbox 2187 1417 2271 1462; x_wconf 89' lang='grc' dir='ltr'>τῶν</span> <span class='ocrx_word' id='word_1_688' title='bbox 2294 1415 2572 1480; x_wconf 82' lang='grc' dir='ltr'>Βραχμάνων</span> <span class='ocrx_word' id='word_1_689' title='bbox 2596 1420 2734 1464; x_wconf 75' lang='grc' dir='ltr'>ταῦτα</span> <span class='ocrx_word' id='word_1_690' title='bbox 2752 1414 2887 1480; x_wconf 82' lang='grc' dir='ltr'>λέγει.</span> <span class='ocrx_word' id='word_1_691' title='bbox 2931 1454 2943 1479; x_wconf 56' lang='grc'>,</span> <span class='ocrx_word' id='word_1_692' title='bbox 2987 1418 2991 1477; x_wconf 56' lang='grc' dir='ltr'>ζ</span> 
     </span>
     <span class='ocr_line' id='line_1_119' title="bbox 1657 1483 2991 1551; baseline 0.002 -18"><span class='ocrx_word' id='word_1_693' title='bbox 1657 1483 1770 1538; x_wconf 84' lang='grc' dir='ltr'>Τοὺς</span> <span class='ocrx_word' id='word_1_694' title='bbox 1787 1483 1831 1531; x_wconf 86' lang='lat'>63</span> <span class='ocrx_word' id='word_1_695' title='bbox 1846 1484 2083 1550; x_wconf 84' lang='grc' dir='ltr'>Σαρμάνας</span> <span class='ocrx_word' id='word_1_696' title='bbox 2095 1524 2107 1544; x_wconf 90' lang='grc'>,</span> <span class='ocrx_word' id='word_1_697' title='bbox 2130 1486 2228 1541; x_wconf 81' lang='grc' dir='ltr'>τοὺς</span> <span class='ocrx_word' id='word_1_698' title='bbox 2245 1485 2322 1551; x_wconf 79' lang='grc' dir='ltr'>μὲν</span> <span class='ocrx_word' id='word_1_699' title='bbox 2339 1487 2642 1551; x_wconf 75' lang='grc' dir='ltr'>ἐντιμοτάτους</span> <span class='ocrx_word' id='word_1_700' title='bbox 2660 1487 2892 1544; x_wconf 63' lang='grc' dir='ltr'>’Υλοὸίους</span> <span class='ocrx_word' id='word_1_701' title='bbox 2932 1511 2937 1515; x_wconf 94' lang='lat'>·</span> <span class='ocrx_word' id='word_1_702' title='bbox 2987 1505 2991 1519; x_wconf 75' lang='lat'><strong>⁴</strong></span> 
     </span>
     <span class='ocr_line' id='line_1_120' title="bbox 1592 1555 2991 1628; baseline 0.004 -24"><span class='ocrx_word' id='word_1_703' title='bbox 1592 1556 1720 1623; x_wconf 87' lang='grc' dir='ltr'>φησὶν</span> <span class='ocrx_word' id='word_1_704' title='bbox 1750 1557 2058 1621; x_wconf 85' lang='grc' dir='ltr'>ὀνομάζεσθαι,</span> <span class='ocrx_word' id='word_1_705' title='bbox 2087 1560 2293 1614; x_wconf 85' lang='grc' dir='ltr'>ζῶντας’</span> <span class='ocrx_word' id='word_1_706' title='bbox 2274 1579 2317 1608; x_wconf 88' lang='grc' dir='ltr'>εν</span> <span class='ocrx_word' id='word_1_707' title='bbox 2341 1568 2434 1615; x_wconf 84' lang='grc' dir='ltr'>ταῖς</span> <span class='ocrx_word' id='word_1_708' title='bbox 2458 1560 2628 1616; x_wconf 80' lang='grc' dir='ltr'>υλαις’</span> <span class='ocrx_word' id='word_1_709' title='bbox 2603 1561 2691 1610; x_wconf 81' lang='grc' dir='ltr'>απὸ</span> <span class='ocrx_word' id='word_1_710' title='bbox 2717 1561 2891 1628; x_wconf 73' lang='grc' dir='ltr'>φύλλων</span> <span class='ocrx_word' id='word_1_711' title='bbox 2988 1555 2991 1565; x_wconf 35' lang='lat'><em>³</em></span> 
     </span>
     <span class='ocr_line' id='line_1_121' title="bbox 1591 1630 2890 1700; baseline 0.003 -22"><span class='ocrx_word' id='word_1_712' title='bbox 1591 1631 1665 1678; x_wconf 77' lang='grc' dir='ltr'>καὶ</span> <span class='ocrx_word' id='word_1_713' title='bbox 1688 1634 1865 1697; x_wconf 90' lang='grc' dir='ltr'>καρπῶν</span> <span class='ocrx_word' id='word_1_714' title='bbox 1894 1630 2072 1697; x_wconf 85' lang='grc' dir='ltr'>ἀγρίων,</span> <span class='ocrx_word' id='word_1_715' title='bbox 2096 1633 2278 1691; x_wconf 80' lang='grc' dir='ltr'>ἓσθητας</span> <span class='ocrx_word' id='word_1_716' title='bbox 2299 1632 2380 1680; x_wconf 79' lang='lat'>6⁹⁷¹</span> <span class='ocrx_word' id='word_1_717' title='bbox 2357 1652 2472 1699; x_wconf 90' lang='grc' dir='ltr'>εχειν</span> <span class='ocrx_word' id='word_1_718' title='bbox 2499 1633 2584 1681; x_wconf 84' lang='grc' dir='ltr'>ἀπὸ</span> <span class='ocrx_word' id='word_1_719' title='bbox 2607 1635 2766 1700; x_wconf 84' lang='grc' dir='ltr'>φλοιῶν</span> <span class='ocrx_word' id='word_1_720' title='bbox 2797 1635 2890 1682; x_wconf 85' lang='grc' dir='ltr'>δεν-</span> 
     </span>
     <span class='ocr_line' id='line_1_122' title="bbox 1592 1699 2923 1776; baseline 0.003 -25"><span class='ocrx_word' id='word_1_721' title='bbox 1592 1703 1756 1769; x_wconf 89' lang='grc' dir='ltr'>δρείων,</span> <span class='ocrx_word' id='word_1_722' title='bbox 1779 1703 2034 1770; x_wconf 86' lang='grc' dir='ltr'>ἀφροδισίων</span> <span class='ocrx_word' id='word_1_723' title='bbox 2058 1703 2191 1769; x_wconf 85' lang='grc' dir='ltr'>χωρὶς</span> <span class='ocrx_word' id='word_1_724' title='bbox 2215 1704 2290 1753; x_wconf 81' lang='grc' dir='ltr'>καὶ</span> <span class='ocrx_word' id='word_1_725' title='bbox 2314 1705 2451 1754; x_wconf 87' lang='grc' dir='ltr'>οἴνου·</span> <span class='ocrx_word' id='word_1_726' title='bbox 2480 1725 2567 1761; x_wconf 91' lang='grc' dir='ltr'>τοις</span> <span class='ocrx_word' id='word_1_727' title='bbox 2590 1705 2636 1754; x_wconf 85' lang='grc' dir='ltr'>δὲ</span> <span class='ocrx_word' id='word_1_728' title='bbox 2661 1699 2889 1772; x_wconf 67' lang='grc' dir='ltr'>βασιλεῧσῘι</span> <span class='ocrx_word' id='word_1_729' title='bbox 2915 1763 2923 1776; x_wconf 35' lang='lat' dir='ltr'>e</span> 
     </span>
     <span class='ocr_line' id='line_1_123' title="bbox 1591 1776 2886 1843; baseline 0.002 -18"><span class='ocrx_word' id='word_1_730' title='bbox 1591 1780 1801 1835; x_wconf 89' lang='grc' dir='ltr'>συνεῖναι,</span> <span class='ocrx_word' id='word_1_731' title='bbox 1831 1776 1883 1824; x_wconf 88' lang='grc' dir='ltr'>δι’</span> <span class='ocrx_word' id='word_1_732' title='bbox 1909 1776 2102 1840; x_wconf 85' lang='grc' dir='ltr'>ἀγγέλων</span> <span class='ocrx_word' id='word_1_733' title='bbox 2127 1779 2459 1843; x_wconf 87' lang='grc' dir='ltr'>πυνθανομένοις</span> <span class='ocrx_word' id='word_1_734' title='bbox 2476 1777 2577 1843; x_wconf 80' lang='grc' dir='ltr'>περὶ</span> <span class='ocrx_word' id='word_1_735' title='bbox 2605 1777 2690 1828; x_wconf 85' lang='grc' dir='ltr'>τῶν</span> <span class='ocrx_word' id='word_1_736' title='bbox 2718 1777 2886 1840; x_wconf 77' lang='grc' dir='ltr'>αἰτίων,</span> 
     </span>
     <span class='ocr_line' id='line_1_124' title="bbox 1591 1849 2887 1915; baseline 0.002 -17"><span class='ocrx_word' id='word_1_737' title='bbox 1591 1849 1665 1898; x_wconf 80' lang='grc' dir='ltr'>καὶ</span> <span class='ocrx_word' id='word_1_738' title='bbox 1686 1851 1739 1897; x_wconf 87' lang='grc' dir='ltr'>δι’</span> <span class='ocrx_word' id='word_1_739' title='bbox 1767 1849 1940 1898; x_wconf 82' lang='grc' dir='ltr'>ἐκείνων</span> <span class='ocrx_word' id='word_1_740' title='bbox 1964 1849 2249 1915; x_wconf 89' lang='grc' dir='ltr'>θεραπεύουσι</span> <span class='ocrx_word' id='word_1_741' title='bbox 2283 1851 2359 1900; x_wconf 79' lang='grc' dir='ltr'>καὶ</span> <span class='ocrx_word' id='word_1_742' title='bbox 2381 1850 2652 1900; x_wconf 77' lang='grc' dir='ltr'>λιτανεύουσι</span> <span class='ocrx_word' id='word_1_743' title='bbox 2674 1851 2724 1900; x_wconf 70' lang='grc' dir='ltr'>τὸ</span> <span class='ocrx_word' id='word_1_744' title='bbox 2757 1853 2887 1903; x_wconf 75' lang='grc' dir='ltr'>θεῖον.</span> 
     </span>
     <span class='ocr_line' id='line_1_125' title="bbox 1592 1921 2892 1990; baseline 0.001 -18"><span class='ocrx_word' id='word_1_745' title='bbox 1592 1922 1768 1972; x_wconf 82' lang='grc' dir='ltr'>Μετὰ</span> <span class='ocrx_word' id='word_1_746' title='bbox 1745 1921 1790 1971; x_wconf 83' lang='grc' dir='ltr'>οὲ</span> <span class='ocrx_word' id='word_1_747' title='bbox 1809 1922 1906 1978; x_wconf 87' lang='grc' dir='ltr'>τους</span> <span class='ocrx_word' id='word_1_748' title='bbox 1933 1921 2162 1978; x_wconf 67' lang='grc' dir='ltr'>εΥλοὸίους</span> <span class='ocrx_word' id='word_1_749' title='bbox 2197 1925 2458 1990; x_wconf 86' lang='grc' dir='ltr'>δευτερεύειν</span> <span class='ocrx_word' id='word_1_750' title='bbox 2491 1924 2606 1973; x_wconf 82' lang='grc' dir='ltr'>κατὰ</span> <span class='ocrx_word' id='word_1_751' title='bbox 2635 1923 2766 1989; x_wconf 80' lang='grc' dir='ltr'>τιμὴν</span> <span class='ocrx_word' id='word_1_752' title='bbox 2793 1922 2892 1980; x_wconf 74' lang='grc' dir='ltr'>τ’ὸυὲ</span> 
     </span>
     <span class='ocr_line' id='line_1_126' title="bbox 1592 1991 2929 2064; baseline 0.002 -21"><span class='ocrx_word' id='word_1_753' title='bbox 1592 1995 1834 2062; x_wconf 80' lang='grc' dir='ltr'>ἷατρικοὺς,</span> <span class='ocrx_word' id='word_1_754' title='bbox 1855 1995 1977 2045; x_wconf 70' lang='grc' dir='ltr'>καὶε</span> <span class='ocrx_word' id='word_1_755' title='bbox 1953 2018 2012 2052; x_wconf 89' lang='grc' dir='ltr'>ως</span> <span class='ocrx_word' id='word_1_756' title='bbox 2032 1997 2133 2064; x_wconf 82' lang='grc' dir='ltr'>περὶ</span> <span class='ocrx_word' id='word_1_757' title='bbox 2165 1996 2237 2045; x_wconf 85' lang='grc' dir='ltr'>τὸν</span> <span class='ocrx_word' id='word_1_758' title='bbox 2263 1997 2485 2063; x_wconf 84' lang='grc' dir='ltr'>ἄνθρωπον</span> <span class='ocrx_word' id='word_1_759' title='bbox 2510 1997 2766 2064; x_wconf 83' lang='grc' dir='ltr'>φιλοσόφους</span> <span class='ocrx_word' id='word_1_760' title='bbox 2781 2034 2796 2062; x_wconf 89' lang='grc'>,</span> <span class='ocrx_word' id='word_1_761' title='bbox 2821 1991 2891 2046; x_wconf 84' lang='grc' dir='ltr'>λι·</span> <span class='ocrx_word' id='word_1_762' title='bbox 2915 2016 2929 2051; x_wconf 71' lang='lat' dir='ltr'>j</span> 
     </span>
     <span class='ocr_line' id='line_1_127' title="bbox 1590 2068 2892 2138; baseline 0.002 -21"><span class='ocrx_word' id='word_1_763' title='bbox 1590 2068 1688 2125; x_wconf 88' lang='grc' dir='ltr'>τους</span> <span class='ocrx_word' id='word_1_764' title='bbox 1715 2069 1809 2134; x_wconf 85' lang='grc' dir='ltr'>μὲν,</span> <span class='ocrx_word' id='word_1_765' title='bbox 1833 2070 1893 2134; x_wconf 87' lang='grc' dir='ltr'>μὴ</span> <span class='ocrx_word' id='word_1_766' title='bbox 1917 2072 2156 2138; x_wconf 87' lang='grc' dir='ltr'>ἀγραύλους</span> <span class='ocrx_word' id='word_1_767' title='bbox 2175 2068 2221 2118; x_wconf 86' lang='lat'>63</span> <span class='ocrx_word' id='word_1_768' title='bbox 2235 2070 2406 2137; x_wconf 86' lang='grc' dir='ltr'>,ὄρύζῃ</span> <span class='ocrx_word' id='word_1_769' title='bbox 2434 2069 2509 2118; x_wconf 78' lang='grc' dir='ltr'>καὶ</span> <span class='ocrx_word' id='word_1_770' title='bbox 2530 2070 2722 2136; x_wconf 86' lang='grc' dir='ltr'>ἀλφίτοις</span> <span class='ocrx_word' id='word_1_771' title='bbox 2739 2089 2892 2137; x_wconf 87' lang='grc' dir='ltr'>τρεφο-</span> 
     </span>
     <span class='ocr_line' id='line_1_128' title="bbox 1593 2139 2940 2210; baseline 0 -20"><span class='ocrx_word' id='word_1_772' title='bbox 1593 2142 1764 2206; x_wconf 86' lang='grc' dir='ltr'>μένους,</span> <span class='ocrx_word' id='word_1_773' title='bbox 1799 2143 1827 2191; x_wconf 84' lang='grc' dir='ltr'>ἃ</span> <span class='ocrx_word' id='word_1_774' title='bbox 1850 2143 2055 2210; x_wconf 82' lang='grc' dir='ltr'>παρέχειν</span> <span class='ocrx_word' id='word_1_775' title='bbox 2085 2144 2229 2198; x_wconf 77' lang='grc' dir='ltr'>αὐτοῖς</span> <span class='ocrx_word' id='word_1_776' title='bbox 2258 2142 2403 2191; x_wconf 83' lang='grc' dir='ltr'>πάντα</span> <span class='ocrx_word' id='word_1_777' title='bbox 2435 2142 2510 2191; x_wconf 81' lang='grc' dir='ltr'>τὸν</span> <span class='ocrx_word' id='word_1_778' title='bbox 2539 2143 2769 2203; x_wconf 80' lang='grc' dir='ltr'>αἰτηθέντα</span> <span class='ocrx_word' id='word_1_779' title='bbox 2807 2139 2940 2199; x_wconf 66' lang='lat' dir='ltr'>natvs„</span> 
     </span>
     <span class='ocr_line' id='line_1_129' title="bbox 1593 2212 2941 2309; baseline 0.001 -46"><span class='ocrx_word' id='word_1_780' title='bbox 1593 2215 1904 2309; x_wconf 83' lang='grc' dir='ltr'>ὖπρδεξάμενον</span> <span class='ocrx_word' id='word_1_781' title='bbox 1924 2216 2061 2284; x_wconf 83' lang='grc' dir='ltr'>ξενία·</span> <span class='ocrx_word' id='word_1_782' title='bbox 2081 2217 2286 2265; x_wconf 87' lang='grc' dir='ltr'>δύνασθαι</span> <span class='ocrx_word' id='word_1_783' title='bbox 2307 2213 2351 2263; x_wconf 83' lang='grc' dir='ltr'>δὲ</span> <span class='ocrx_word' id='word_1_784' title='bbox 2369 2215 2443 2263; x_wconf 75' lang='grc' dir='ltr'>καὶ</span> <span class='ocrx_word' id='word_1_785' title='bbox 2461 2217 2722 2280; x_wconf 82' lang='grc' dir='ltr'>πολυγόνους</span> <span class='ocrx_word' id='word_1_786' title='bbox 2738 2219 2906 2277; x_wconf 45' lang='grc' dir='ltr'>ποιειν,</span> <span class='ocrx_word' id='word_1_787' title='bbox 2924 2212 2941 2246; x_wconf 58' lang='lat'>‘²</span> 
     </span>
     <span class='ocr_line' id='line_1_130' title="bbox 1591 2280 2943 2382; baseline 0.001 -44"><span class='ocrx_word' id='word_1_788' title='bbox 1591 2289 1666 2338; x_wconf 89' lang='grc' dir='ltr'>καὶ</span> <span class='ocrx_word' id='word_1_789' title='bbox 1691 2290 1992 2357; x_wconf 87' lang='grc' dir='ltr'>ἀρρενογόνους</span> <span class='ocrx_word' id='word_1_790' title='bbox 2008 2329 2021 2351; x_wconf 91' lang='grc'>,</span> <span class='ocrx_word' id='word_1_791' title='bbox 2043 2289 2119 2338; x_wconf 76' lang='grc' dir='ltr'>καὶ</span> <span class='ocrx_word' id='word_1_792' title='bbox 2137 2287 2392 2354; x_wconf 87' lang='grc' dir='ltr'>θηλυγόνους</span> <span class='ocrx_word' id='word_1_793' title='bbox 2415 2288 2486 2337; x_wconf 85' lang='grc' dir='ltr'>διὰ</span> <span class='ocrx_word' id='word_1_794' title='bbox 2510 2292 2888 2382; x_wconf 80' lang='grc' dir='ltr'>φαρμακευτικῆς·</span> <span class='ocrx_word' id='word_1_795' title='bbox 2934 2280 2943 2314; x_wconf 71' lang='lat'>1¹</span> 
     </span>
     <span class='ocr_line' id='line_1_131' title="bbox 1591 2357 2933 2430; baseline 0 -19"><span class='ocrx_word' id='word_1_796' title='bbox 1591 2384 1616 2411; x_wconf 89' lang='grc' dir='ltr'>τ</span> <span class='ocrx_word' id='word_1_797' title='bbox 1637 2382 1668 2422; x_wconf 79' lang='grc' dir='ltr'>,ν</span> <span class='ocrx_word' id='word_1_798' title='bbox 1694 2362 1739 2411; x_wconf 90' lang='lat'>63</span> <span class='ocrx_word' id='word_1_799' title='bbox 1762 2363 1954 2429; x_wconf 81' lang='grc' dir='ltr'>ἰατρείαν</span> <span class='ocrx_word' id='word_1_800' title='bbox 1980 2363 2050 2412; x_wconf 79' lang='grc' dir='ltr'>διὰ</span> <span class='ocrx_word' id='word_1_801' title='bbox 2075 2362 2222 2411; x_wconf 88' lang='grc' dir='ltr'>σιτίων</span> <span class='ocrx_word' id='word_1_802' title='bbox 2241 2361 2290 2411; x_wconf 84' lang='grc' dir='ltr'>τὸ</span> <span class='ocrx_word' id='word_1_803' title='bbox 2315 2363 2458 2423; x_wconf 87' lang='grc' dir='ltr'>πλέον,</span> <span class='ocrx_word' id='word_1_804' title='bbox 2486 2364 2533 2411; x_wconf 80' lang='grc' dir='ltr'>οὗ</span> <span class='ocrx_word' id='word_1_805' title='bbox 2557 2361 2628 2410; x_wconf 76' lang='grc' dir='ltr'>διὰ</span> <span class='ocrx_word' id='word_1_806' title='bbox 2650 2357 2933 2430; x_wconf 59' lang='grc' dir='ltr'>φαρμάκωνῇ.</span> 
     </span>
     <span class='ocr_line' id='line_1_132' title="bbox 1591 2431 2931 2502; baseline 0.001 -18"><span class='ocrx_word' id='word_1_807' title='bbox 1591 2437 1904 2485; x_wconf 82' lang='grc' dir='ltr'>ἐπιτελεῖσθαι·</span> <span class='ocrx_word' id='word_1_808' title='bbox 1942 2438 2028 2484; x_wconf 87' lang='grc' dir='ltr'>τῶν</span> <span class='ocrx_word' id='word_1_809' title='bbox 2058 2434 2300 2502; x_wconf 75' lang='grc' dir='ltr'>φαρμάκων</span> <span class='ocrx_word' id='word_1_810' title='bbox 2338 2433 2384 2483; x_wconf 89' lang='lat'>63</span> <span class='ocrx_word' id='word_1_811' title='bbox 2415 2434 2606 2498; x_wconf 82' lang='grc' dir='ltr'>μάλιστα</span> <span class='ocrx_word' id='word_1_812' title='bbox 2651 2431 2931 2501; x_wconf 60' lang='grc' dir='ltr'>εὖδοκιμεῖῑζ</span> 
     </span>
     <span class='ocr_line' id='line_1_133' title="bbox 1591 2499 2952 2581; baseline 0.003 -26"><span class='ocrx_word' id='word_1_813' title='bbox 1591 2509 1646 2555; x_wconf 83' lang='grc' dir='ltr'>τὰ</span> <span class='ocrx_word' id='word_1_814' title='bbox 1685 2509 1915 2575; x_wconf 81' lang='grc' dir='ltr'>ἐπίχριστα</span> <span class='ocrx_word' id='word_1_815' title='bbox 1941 2509 2016 2557; x_wconf 77' lang='grc' dir='ltr'>καὶ</span> <span class='ocrx_word' id='word_1_816' title='bbox 2050 2508 2105 2556; x_wconf 86' lang='grc' dir='ltr'>τὰ</span> <span class='ocrx_word' id='word_1_817' title='bbox 2140 2506 2525 2571; x_wconf 79' lang='grc' dir='ltr'>καταπλάσματα·</span> <span class='ocrx_word' id='word_1_818' title='bbox 2557 2505 2699 2556; x_wconf 80' lang='grc' dir='ltr'>τᾶλλα</span> <span class='ocrx_word' id='word_1_819' title='bbox 2736 2504 2815 2556; x_wconf 89' lang='lat'>63</span> <span class='ocrx_word' id='word_1_820' title='bbox 2811 2499 2952 2581; x_wconf 48' lang='grc' dir='ltr'><strong>ξ</strong></span> 
     </span>
     <span class='ocr_line' id='line_1_134' title="bbox 1591 2532 2941 2648; baseline -0.002 -18"><span class='ocrx_word' id='word_1_821' title='bbox 1591 2582 1793 2648; x_wconf 89' lang='grc' dir='ltr'>κουργίας</span> <span class='ocrx_word' id='word_1_822' title='bbox 1826 2579 1938 2630; x_wconf 92' lang='grc' dir='ltr'>πολυ</span> <span class='ocrx_word' id='word_1_823' title='bbox 1968 2580 2184 2648; x_wconf 87' lang='grc' dir='ltr'>μετέχειν.</span> <span class='ocrx_word' id='word_1_824' title='bbox 2256 2581 2424 2631; x_wconf 86' lang='grc' dir='ltr'>Ἀσκεῖν</span> <span class='ocrx_word' id='word_1_825' title='bbox 2453 2579 2500 2629; x_wconf 86' lang='lat'>63</span> <span class='ocrx_word' id='word_1_826' title='bbox 2523 2601 2596 2629; x_wconf 90' lang='grc' dir='ltr'>και</span> <span class='ocrx_word' id='word_1_827' title='bbox 2616 2579 2789 2635; x_wconf 83' lang='grc' dir='ltr'>τούτους</span> <span class='ocrx_word' id='word_1_828' title='bbox 2810 2532 2941 2628; x_wconf 57' lang='grc' dir='ltr'>’κάξ</span> 
     </span>
     <span class='ocr_line' id='line_1_135' title="bbox 1591 2651 2895 2721; baseline -0.002 -19"><span class='ocrx_word' id='word_1_829' title='bbox 1591 2653 1752 2709; x_wconf 87' lang='grc' dir='ltr'>κείνους</span> <span class='ocrx_word' id='word_1_830' title='bbox 1790 2654 2041 2721; x_wconf 88' lang='grc' dir='ltr'>καρτερίαν,</span> <span class='ocrx_word' id='word_1_831' title='bbox 2077 2654 2158 2714; x_wconf 81' lang='grc' dir='ltr'>τήν</span> <span class='ocrx_word' id='word_1_832' title='bbox 2190 2674 2238 2703; x_wconf 90' lang='grc' dir='ltr'>τε</span> <span class='ocrx_word' id='word_1_833' title='bbox 2269 2656 2312 2702; x_wconf 80' lang='grc' dir='ltr'>ἐν</span> <span class='ocrx_word' id='word_1_834' title='bbox 2347 2653 2490 2710; x_wconf 80' lang='grc' dir='ltr'>πόνοις</span> <span class='ocrx_word' id='word_1_835' title='bbox 2515 2653 2590 2702; x_wconf 77' lang='grc' dir='ltr'>καὶ</span> <span class='ocrx_word' id='word_1_836' title='bbox 2622 2651 2701 2713; x_wconf 81' lang='grc' dir='ltr'>τὴν</span> <span class='ocrx_word' id='word_1_837' title='bbox 2727 2655 2770 2702; x_wconf 80' lang='grc' dir='ltr'>ἓν</span> <span class='ocrx_word' id='word_1_838' title='bbox 2799 2643 2941 2711; x_wconf 45' lang='grc' dir='ltr'>τᾱῗξῗῗὲ</span> 
     </span>
     <span class='ocr_line' id='line_1_136' title="bbox 1592 2721 2892 2796; baseline -0.002 -21"><span class='ocrx_word' id='word_1_839' title='bbox 1592 2731 1850 2792; x_wconf 90' lang='grc' dir='ltr'>υπομοναῖς,</span> <span class='ocrx_word' id='word_1_840' title='bbox 1865 2726 1968 2776; x_wconf 89' lang='grc' dir='ltr'>ωστ’</span> <span class='ocrx_word' id='word_1_841' title='bbox 1990 2730 2041 2796; x_wconf 80' lang='grc' dir='ltr'>ἐφ</span> <span class='ocrx_word' id='word_1_842' title='bbox 2042 2727 2162 2783; x_wconf 85' lang='grc' dir='ltr'>’ἑνὸς</span> <span class='ocrx_word' id='word_1_843' title='bbox 2181 2727 2408 2794; x_wconf 84' lang='grc' dir='ltr'>σχήματος</span> <span class='ocrx_word' id='word_1_844' title='bbox 2426 2726 2629 2786; x_wconf 88' lang='grc' dir='ltr'>ἀκίνητον</span> <span class='ocrx_word' id='word_1_845' title='bbox 2646 2721 2892 2790; x_wconf 72' lang='grc' dir='ltr'>διατελέσαι</span> 
     </span>
     <span class='ocr_line' id='line_1_137' title="bbox 1591 2793 2895 2867; baseline -0.003 -19"><span class='ocrx_word' id='word_1_846' title='bbox 1591 2800 1670 2860; x_wconf 84' lang='grc' dir='ltr'>τὴν</span> <span class='ocrx_word' id='word_1_847' title='bbox 1691 2800 1860 2867; x_wconf 82' lang='grc' dir='ltr'>ἡμέραν</span> <span class='ocrx_word' id='word_1_848' title='bbox 1889 2802 2011 2860; x_wconf 80' lang='grc' dir='ltr'>ὅλην.</span> <span class='ocrx_word' id='word_1_849' title='bbox 2037 2799 2218 2855; x_wconf 89' lang='grc' dir='ltr'>Ἄλλους</span> <span class='ocrx_word' id='word_1_850' title='bbox 2242 2800 2279 2847; x_wconf 87' lang='grc' dir='ltr'>δ’</span> <span class='ocrx_word' id='word_1_851' title='bbox 2301 2793 2411 2848; x_wconf 71' lang='grc' dir='ltr'>εἶναι</span> <span class='ocrx_word' id='word_1_852' title='bbox 2438 2797 2537 2853; x_wconf 88' lang='grc' dir='ltr'>τους</span> <span class='ocrx_word' id='word_1_853' title='bbox 2561 2797 2639 2862; x_wconf 81' lang='grc' dir='ltr'>μὲν</span> <span class='ocrx_word' id='word_1_854' title='bbox 2665 2794 2895 2862; x_wconf 81' lang='grc' dir='ltr'>μαντικους</span> 
     </span>
    </p>
   </div>
   <div class='ocr_carea' id='block_1_12' title="bbox 2986 367 2999 983">
    <p class='ocr_par' dir='ltr' id='par_1_13' title="bbox 2986 367 2999 983">
     <span class='ocr_line' id='line_1_138' title="bbox 2986 367 2999 983; textangle 90"><span class='ocrx_word' id='word_1_855' title='bbox 2986 660 2998 983; x_wconf 44' lang='grc' dir='ltr'>ειιῩνἜ-ωυ-νν-ο-νητὝῚι</span> <span class='ocrx_word' id='word_1_856' title='bbox 2987 589 2997 650; x_wconf 54' lang='grc' dir='ltr'>’τεν-ι</span> <span class='ocrx_word' id='word_1_857' title='bbox 2986 530 2999 581; x_wconf 34' lang='grc' dir='ltr'>μή</span> <span class='ocrx_word' id='word_1_858' title='bbox 2987 427 2998 517; x_wconf 43' lang='lat' dir='ltr'>-s-yv-ff.</span> <span class='ocrx_word' id='word_1_859' title='bbox 2987 367 2999 420; x_wconf 42' lang='lat'>{³:-</span> 
     </span>
    </p>
   </div>
   <div class='ocr_carea' id='block_1_13' title="bbox 2987 991 2997 1136">
    <p class='ocr_par' dir='ltr' id='par_1_14' title="bbox 2987 991 2997 1136">
     <span class='ocr_line' id='line_1_139' title="bbox 2987 991 2997 1136; textangle 90"><span class='ocrx_word' id='word_1_860' title='bbox 2987 1114 2994 1136; x_wconf 57' lang='grc' dir='ltr'>Γ,</span> <span class='ocrx_word' id='word_1_861' title='bbox 2987 1029 2997 1104; x_wconf 33' lang='grc' dir='ltr'>«ρ...</span> <span class='ocrx_word' id='word_1_862' title='bbox 2987 991 2994 1020; x_wconf 30' lang='grc' dir='ltr'>ηε,</span> 
     </span>
    </p>
   </div>
   <div class='ocr_carea' id='block_1_14' title="bbox 1591 3002 2897 4340">
    <p class='ocr_par' dir='ltr' id='par_1_15' title="bbox 1591 3002 2897 4340">
     <span class='ocr_line' id='line_1_140' title="bbox 1593 3002 2890 3056; baseline -0.003 -11"><span class='ocrx_word' id='word_1_863' title='bbox 1593 3005 1842 3056; x_wconf 86' lang='lat' dir='ltr'>voluptatem</span> <span class='ocrx_word' id='word_1_864' title='bbox 1858 3016 1905 3044; x_wconf 85' lang='lat' dir='ltr'>ac</span> <span class='ocrx_word' id='word_1_865' title='bbox 1923 3005 2117 3055; x_wconf 87' lang='lat' dir='ltr'>dolorem,</span> <span class='ocrx_word' id='word_1_866' title='bbox 2132 3005 2257 3045; x_wconf 87' lang='lat' dir='ltr'>vitam</span> <span class='ocrx_word' id='word_1_867' title='bbox 2272 3006 2313 3044; x_wconf 87' lang='lat' dir='ltr'>et</span> <span class='ocrx_word' id='word_1_868' title='bbox 2328 3005 2501 3044; x_wconf 85' lang='lat' dir='ltr'>mortem</span> <span class='ocrx_word' id='word_1_869' title='bbox 2517 3013 2633 3054; x_wconf 80' lang='lat' dir='ltr'>aeque</span> <span class='ocrx_word' id='word_1_870' title='bbox 2644 3002 2890 3051; x_wconf 86' lang='lat' dir='ltr'>contemnat,</span> 
     </span>
     <span class='ocr_line' id='line_1_141' title="bbox 1592 3067 2893 3120; baseline -0.002 -10"><span class='ocrx_word' id='word_1_871' title='bbox 1592 3070 1822 3111; x_wconf 86' lang='lat' dir='ltr'>subsidium</span> <span class='ocrx_word' id='word_1_872' title='bbox 1838 3081 1923 3110; x_wconf 84' lang='lat' dir='ltr'>esse</span> <span class='ocrx_word' id='word_1_873' title='bbox 1937 3071 2051 3111; x_wconf 87' lang='lat' dir='ltr'>alteri</span> <span class='ocrx_word' id='word_1_874' title='bbox 2069 3071 2174 3111; x_wconf 88' lang='lat' dir='ltr'>nolle</span> <span class='ocrx_word' id='word_1_875' title='bbox 2185 3084 2208 3120; x_wconf 66' lang='grc'>;,</span> <span class='ocrx_word' id='word_1_876' title='bbox 2222 3069 2447 3120; x_wconf 85' lang='lat' dir='ltr'>hujusmodi</span> <span class='ocrx_word' id='word_1_877' title='bbox 2467 3070 2600 3109; x_wconf 88' lang='lat' dir='ltr'>autem</span> <span class='ocrx_word' id='word_1_878' title='bbox 2621 3079 2706 3109; x_wconf 86' lang='lat' dir='ltr'>esse</span> <span class='ocrx_word' id='word_1_879' title='bbox 2720 3067 2893 3119; x_wconf 82' lang='lat' dir='ltr'>probum</span> 
     </span>
     <span class='ocr_line' id='line_1_142' title="bbox 1594 3132 2890 3185; baseline -0.004 -10"><span class='ocrx_word' id='word_1_880' title='bbox 1594 3137 1634 3175; x_wconf 88' lang='lat' dir='ltr'>et</span> <span class='ocrx_word' id='word_1_881' title='bbox 1649 3135 1828 3185; x_wconf 84' lang='lat' dir='ltr'>probam.</span> <span class='ocrx_word' id='word_1_882' title='bbox 1885 3135 2083 3174; x_wconf 73' lang='lat' dir='ltr'>Plurimae</span> <span class='ocrx_word' id='word_1_883' title='bbox 2098 3145 2237 3174; x_wconf 90' lang='lat' dir='ltr'>eorum</span> <span class='ocrx_word' id='word_1_884' title='bbox 2260 3133 2546 3184; x_wconf 85' lang='lat' dir='ltr'>disputationes</span> <span class='ocrx_word' id='word_1_885' title='bbox 2561 3132 2611 3172; x_wconf 87' lang='lat' dir='ltr'>de</span> <span class='ocrx_word' id='word_1_886' title='bbox 2626 3133 2757 3172; x_wconf 86' lang='lat' dir='ltr'>morte</span> <span class='ocrx_word' id='word_1_887' title='bbox 2773 3138 2856 3170; x_wconf 75' lang='lat' dir='ltr'>esse</span> <span class='ocrx_word' id='word_1_888' title='bbox 2867 3138 2890 3182; x_wconf 15' lang='lat' dir='ltr'>q:</span> 
     </span>
     <span class='ocr_line' id='line_1_143' title="bbox 1593 3196 2891 3250; baseline 0.002 -11"><span class='ocrx_word' id='word_1_889' title='bbox 1593 3211 1687 3240; x_wconf 87' lang='lat' dir='ltr'>nam</span> <span class='ocrx_word' id='word_1_890' title='bbox 1702 3201 1805 3240; x_wconf 87' lang='lat' dir='ltr'>hanc</span> <span class='ocrx_word' id='word_1_891' title='bbox 1822 3200 1947 3240; x_wconf 83' lang='lat' dir='ltr'>vitam</span> <span class='ocrx_word' id='word_1_892' title='bbox 1966 3199 2189 3240; x_wconf 88' lang='lat' dir='ltr'>habendam</span> <span class='ocrx_word' id='word_1_893' title='bbox 2205 3209 2289 3240; x_wconf 87' lang='lat' dir='ltr'>esse</span> <span class='ocrx_word' id='word_1_894' title='bbox 2311 3199 2424 3250; x_wconf 83' lang='lat' dir='ltr'>quasi</span> <span class='ocrx_word' id='word_1_895' title='bbox 2448 3209 2584 3239; x_wconf 88' lang='lat' dir='ltr'>recens</span> <span class='ocrx_word' id='word_1_896' title='bbox 2607 3196 2891 3246; x_wconf 65' lang='lat' dir='ltr'>oon-ceptorum</span> 
     </span>
     <span class='ocr_line' id='line_1_144' title="bbox 1591 3259 2891 3314; baseline -0.005 -10"><span class='ocrx_word' id='word_1_897' title='bbox 1591 3259 1800 3304; x_wconf 82' lang='lat' dir='ltr'>hominum</span> <span class='ocrx_word' id='word_1_898' title='bbox 1817 3265 1964 3304; x_wconf 81' lang='lat' dir='ltr'>statum</span> <span class='ocrx_word' id='word_1_899' title='bbox 1995 3280 2004 3304; x_wconf 89' lang='lat'>:</span> <span class='ocrx_word' id='word_1_900' title='bbox 2024 3265 2196 3304; x_wconf 88' lang='lat' dir='ltr'>mortem</span> <span class='ocrx_word' id='word_1_901' title='bbox 2215 3274 2310 3303; x_wconf 87' lang='lat' dir='ltr'>vero</span> <span class='ocrx_word' id='word_1_902' title='bbox 2327 3264 2488 3314; x_wconf 87' lang='lat' dir='ltr'>partum</span> <span class='ocrx_word' id='word_1_903' title='bbox 2503 3262 2546 3302; x_wconf 88' lang='lat' dir='ltr'>in</span> <span class='ocrx_word' id='word_1_904' title='bbox 2564 3271 2699 3302; x_wconf 84' lang='lat' dir='ltr'>veram</span> <span class='ocrx_word' id='word_1_905' title='bbox 2720 3259 2828 3308; x_wconf 71' lang='lat' dir='ltr'>illam</span> <span class='ocrx_word' id='word_1_906' title='bbox 2841 3265 2891 3298; x_wconf 71' lang='grc' dir='ltr'>ιο</span> 
     </span>
     <span class='ocr_line' id='line_1_145' title="bbox 1594 3323 2890 3380; baseline -0.004 -10"><span class='ocrx_word' id='word_1_907' title='bbox 1594 3330 1750 3370; x_wconf 87' lang='lat' dir='ltr'>felicem</span> <span class='ocrx_word' id='word_1_908' title='bbox 1777 3331 1902 3370; x_wconf 80' lang='lat' dir='ltr'>vitam</span> <span class='ocrx_word' id='word_1_909' title='bbox 1926 3329 1974 3369; x_wconf 88' lang='lat' dir='ltr'>iis</span> <span class='ocrx_word' id='word_1_910' title='bbox 2006 3330 2076 3380; x_wconf 89' lang='lat' dir='ltr'>qui</span> <span class='ocrx_word' id='word_1_911' title='bbox 2101 3326 2207 3369; x_wconf 87' lang='lat' dir='ltr'>recte</span> <span class='ocrx_word' id='word_1_912' title='bbox 2236 3328 2502 3380; x_wconf 79' lang='lat' dir='ltr'>philosophati</span> <span class='ocrx_word' id='word_1_913' title='bbox 2531 3329 2621 3369; x_wconf 85' lang='lat' dir='ltr'>sint.</span> <span class='ocrx_word' id='word_1_914' title='bbox 2679 3323 2890 3374; x_wconf 59' lang='lat' dir='ltr'>Proptoeu</span> 
     </span>
     <span class='ocr_line' id='line_1_146' title="bbox 1594 3385 2884 3440; baseline -0.008 -4"><span class='ocrx_word' id='word_1_915' title='bbox 1594 3407 1662 3436; x_wconf 91' lang='lat' dir='ltr'>eos</span> <span class='ocrx_word' id='word_1_916' title='bbox 1696 3396 1824 3435; x_wconf 84' lang='lat' dir='ltr'>multa</span> <span class='ocrx_word' id='word_1_917' title='bbox 1839 3406 1881 3435; x_wconf 90' lang='lat' dir='ltr'>se</span> <span class='ocrx_word' id='word_1_918' title='bbox 1903 3390 2186 3434; x_wconf 80' lang='lat' dir='ltr'>exercitatione</span> <span class='ocrx_word' id='word_1_919' title='bbox 2213 3393 2264 3432; x_wconf 87' lang='lat' dir='ltr'>ad</span> <span class='ocrx_word' id='word_1_920' title='bbox 2291 3391 2462 3432; x_wconf 84' lang='lat' dir='ltr'>mortem</span> <span class='ocrx_word' id='word_1_921' title='bbox 2485 3396 2708 3440; x_wconf 73' lang='lat' dir='ltr'>praeparare</span> <span class='ocrx_word' id='word_1_922' title='bbox 2741 3403 2752 3414; x_wconf 90' lang='lat'><strong>·</strong></span> <span class='ocrx_word' id='word_1_923' title='bbox 2783 3385 2884 3438; x_wconf 65' lang='lat' dir='ltr'>nihi}</span> 
     </span>
     <span class='ocr_line' id='line_1_147' title="bbox 1594 3448 2889 3514; baseline -0.005 -14"><span class='ocrx_word' id='word_1_924' title='bbox 1594 3469 1756 3508; x_wconf 90' lang='lat' dir='ltr'>eorum,</span> <span class='ocrx_word' id='word_1_925' title='bbox 1777 3464 1869 3510; x_wconf 84' lang='lat' dir='ltr'>quae</span> <span class='ocrx_word' id='word_1_926' title='bbox 1888 3457 2116 3497; x_wconf 89' lang='lat' dir='ltr'>hominibus</span> <span class='ocrx_word' id='word_1_927' title='bbox 2133 3454 2312 3496; x_wconf 89' lang='lat' dir='ltr'>accidere</span> <span class='ocrx_word' id='word_1_928' title='bbox 2330 3455 2533 3503; x_wconf 84' lang='lat' dir='ltr'>dicuntur,</span> <span class='ocrx_word' id='word_1_929' title='bbox 2550 3453 2703 3492; x_wconf 87' lang='lat' dir='ltr'>bonum</span> <span class='ocrx_word' id='word_1_930' title='bbox 2718 3461 2815 3494; x_wconf 76' lang='lat' dir='ltr'>esse</span> <span class='ocrx_word' id='word_1_931' title='bbox 2819 3448 2889 3514; x_wconf 51' lang='grc'>741</span> 
     </span>
     <span class='ocr_line' id='line_1_148' title="bbox 1594 3508 2888 3578; baseline -0.008 -13"><span class='ocrx_word' id='word_1_932' title='bbox 1594 3525 1777 3564; x_wconf 74' lang='lat' dir='ltr'>malumz</span> <span class='ocrx_word' id='word_1_933' title='bbox 1795 3532 1928 3574; x_wconf 86' lang='lat' dir='ltr'>neque</span> <span class='ocrx_word' id='word_1_934' title='bbox 1947 3522 2054 3563; x_wconf 91' lang='lat' dir='ltr'>enim</span> <span class='ocrx_word' id='word_1_935' title='bbox 2079 3521 2286 3570; x_wconf 76' lang='lat' dir='ltr'>futurum,</span> <span class='ocrx_word' id='word_1_936' title='bbox 2310 3521 2356 3560; x_wconf 90' lang='lat' dir='ltr'>ut</span> <span class='ocrx_word' id='word_1_937' title='bbox 2377 3511 2530 3558; x_wconf 81' lang='lat' dir='ltr'>iisdem</span> <span class='ocrx_word' id='word_1_938' title='bbox 2536 3528 2559 3558; x_wconf 89' lang='lat' dir='ltr'>e</span> <span class='ocrx_word' id='word_1_939' title='bbox 2577 3517 2698 3558; x_wconf 83' lang='lat' dir='ltr'>rebus</span> <span class='ocrx_word' id='word_1_940' title='bbox 2719 3514 2786 3557; x_wconf 83' lang='lat' dir='ltr'>alii</span> <span class='ocrx_word' id='word_1_941' title='bbox 2800 3508 2888 3578; x_wconf 53' lang='lat' dir='ltr'>jung</span> 
     </span>
     <span class='ocr_line' id='line_1_149' title="bbox 1594 3579 2897 3641; baseline -0.007 -12"><span class='ocrx_word' id='word_1_942' title='bbox 1594 3589 1773 3639; x_wconf 88' lang='lat' dir='ltr'>lestiam,</span> <span class='ocrx_word' id='word_1_943' title='bbox 1804 3588 1870 3628; x_wconf 89' lang='lat' dir='ltr'>alii</span> <span class='ocrx_word' id='word_1_944' title='bbox 1899 3587 2091 3639; x_wconf 84' lang='lat' dir='ltr'>gaudium</span> <span class='ocrx_word' id='word_1_945' title='bbox 2120 3586 2329 3638; x_wconf 81' lang='lat' dir='ltr'>caperent,</span> <span class='ocrx_word' id='word_1_946' title='bbox 2357 3582 2486 3624; x_wconf 60' lang='lat' dir='ltr'>minui</span> <span class='ocrx_word' id='word_1_947' title='bbox 2509 3582 2657 3623; x_wconf 64' lang='lat' dir='ltr'>similes</span> <span class='ocrx_word' id='word_1_948' title='bbox 2688 3579 2897 3641; x_wconf 55' lang='lat' dir='ltr'>opimouffi</span> 
     </span>
     <span class='ocr_line' id='line_1_150' title="bbox 1596 3646 2841 3705; baseline -0.006 -11"><span class='ocrx_word' id='word_1_949' title='bbox 1596 3654 1896 3705; x_wconf 88' lang='lat' dir='ltr'>concipientes.</span> <span class='ocrx_word' id='word_1_950' title='bbox 1915 3655 1962 3693; x_wconf 90' lang='lat' dir='ltr'>ut</span> <span class='ocrx_word' id='word_1_951' title='bbox 1976 3652 2098 3692; x_wconf 90' lang='lat' dir='ltr'>iidem</span> <span class='ocrx_word' id='word_1_952' title='bbox 2114 3647 2313 3691; x_wconf 85' lang='lat' dir='ltr'>interdum</span> <span class='ocrx_word' id='word_1_953' title='bbox 2328 3650 2581 3700; x_wconf 82' lang='lat' dir='ltr'>angerentur,</span> <span class='ocrx_word' id='word_1_954' title='bbox 2599 3646 2841 3691; x_wconf 86' lang='lat' dir='ltr'>interdum</span> 
     </span>
     <span class='ocr_line' id='line_1_151' title="bbox 1595 3692 2867 3769; baseline -0.007 -11"><span class='ocrx_word' id='word_1_955' title='bbox 1595 3718 1740 3758; x_wconf 85' lang='lat' dir='ltr'>mutati</span> <span class='ocrx_word' id='word_1_956' title='bbox 1758 3717 1992 3769; x_wconf 84' lang='lat' dir='ltr'>gauderent.</span> <span class='ocrx_word' id='word_1_957' title='bbox 2045 3718 2196 3756; x_wconf 83' lang='lat' dir='ltr'>Eorum</span> <span class='ocrx_word' id='word_1_958' title='bbox 2211 3723 2333 3762; x_wconf 86' lang='lat' dir='ltr'>vero,</span> <span class='ocrx_word' id='word_1_959' title='bbox 2350 3722 2443 3763; x_wconf 84' lang='lat' dir='ltr'>quae</span> <span class='ocrx_word' id='word_1_960' title='bbox 2463 3711 2511 3751; x_wconf 91' lang='lat' dir='ltr'>ad</span> <span class='ocrx_word' id='word_1_961' title='bbox 2529 3712 2682 3752; x_wconf 83' lang='lat' dir='ltr'>naturoe</span> <span class='ocrx_word' id='word_1_962' title='bbox 2701 3692 2867 3760; x_wconf 80' lang='lat' dir='ltr'>cogni</span> 
     </span>
     <span class='ocr_line' id='line_1_152' title="bbox 1596 3773 2838 3832; baseline -0.007 -9"><span class='ocrx_word' id='word_1_963' title='bbox 1596 3794 1687 3822; x_wconf 91' lang='lat' dir='ltr'>nem</span> <span class='ocrx_word' id='word_1_964' title='bbox 1705 3781 1928 3832; x_wconf 87' lang='lat' dir='ltr'>pertinent,</span> <span class='ocrx_word' id='word_1_965' title='bbox 1948 3778 2133 3831; x_wconf 83' lang='lat' dir='ltr'>quaedam</span> <span class='ocrx_word' id='word_1_966' title='bbox 2155 3777 2253 3817; x_wconf 90' lang='lat' dir='ltr'>dicit</span> <span class='ocrx_word' id='word_1_967' title='bbox 2277 3775 2487 3817; x_wconf 84' lang='lat' dir='ltr'>stultitiam</span> <span class='ocrx_word' id='word_1_968' title='bbox 2506 3775 2587 3816; x_wconf 88' lang='lat' dir='ltr'>ab</span> <span class='ocrx_word' id='word_1_969' title='bbox 2576 3775 2624 3815; x_wconf 79' lang='lat' dir='ltr'>iis</span> <span class='ocrx_word' id='word_1_970' title='bbox 2645 3773 2796 3815; x_wconf 83' lang='lat' dir='ltr'>censeri</span> <span class='ocrx_word' id='word_1_971' title='bbox 2835 3778 2838 3779; x_wconf 78' lang='grc'>’</span> 
     </span>
     <span class='ocr_line' id='line_1_153' title="bbox 1597 3837 2840 3898; baseline -0.007 -12"><span class='ocrx_word' id='word_1_972' title='bbox 1597 3847 1667 3898; x_wconf 90' lang='lat' dir='ltr'>qui</span> <span class='ocrx_word' id='word_1_973' title='bbox 1684 3846 1796 3886; x_wconf 84' lang='lat' dir='ltr'>factis</span> <span class='ocrx_word' id='word_1_974' title='bbox 1806 3855 1930 3896; x_wconf 89' lang='lat' dir='ltr'>quam</span> <span class='ocrx_word' id='word_1_975' title='bbox 1947 3843 2080 3884; x_wconf 87' lang='lat' dir='ltr'>verbis</span> <span class='ocrx_word' id='word_1_976' title='bbox 2094 3841 2236 3882; x_wconf 86' lang='lat' dir='ltr'>malint</span> <span class='ocrx_word' id='word_1_977' title='bbox 2247 3851 2290 3880; x_wconf 87' lang='lat' dir='ltr'>se</span> <span class='ocrx_word' id='word_1_978' title='bbox 2305 3840 2431 3880; x_wconf 90' lang='lat' dir='ltr'>bonos</span> <span class='ocrx_word' id='word_1_979' title='bbox 2442 3839 2742 3887; x_wconf 85' lang='lat' dir='ltr'>demonstrare,</span> <span class='ocrx_word' id='word_1_980' title='bbox 2757 3837 2840 3882; x_wconf 76' lang='lat' dir='ltr'>et</span> 
     </span>
     <span class='ocr_line' id='line_1_154' title="bbox 1597 3901 2862 3962; baseline -0.006 -13"><span class='ocrx_word' id='word_1_981' title='bbox 1597 3920 1720 3960; x_wconf 89' lang='lat' dir='ltr'>raque</span> <span class='ocrx_word' id='word_1_982' title='bbox 1736 3908 1879 3949; x_wconf 83' lang='lat' dir='ltr'>fabulis</span> <span class='ocrx_word' id='word_1_983' title='bbox 1912 3906 2171 3955; x_wconf 79' lang='lat' dir='ltr'>confirment,</span> <span class='ocrx_word' id='word_1_984' title='bbox 2191 3903 2242 3944; x_wconf 87' lang='lat' dir='ltr'>de</span> <span class='ocrx_word' id='word_1_985' title='bbox 2259 3904 2395 3944; x_wconf 84' lang='lat' dir='ltr'>multis</span> <span class='ocrx_word' id='word_1_986' title='bbox 2410 3915 2504 3944; x_wconf 89' lang='lat' dir='ltr'>vero</span> <span class='ocrx_word' id='word_1_987' title='bbox 2520 3913 2612 3943; x_wconf 89' lang='lat' dir='ltr'>cum</span> <span class='ocrx_word' id='word_1_988' title='bbox 2628 3901 2777 3943; x_wconf 82' lang='lat' dir='ltr'>Graeeis</span> <span class='ocrx_word' id='word_1_989' title='bbox 2808 3903 2862 3953; x_wconf 59' lang='grc' dir='ltr'>ῥ’»</span> 
     </span>
     <span class='ocr_line' id='line_1_155' title="bbox 1595 3966 2858 4023; baseline -0.006 -10"><span class='ocrx_word' id='word_1_990' title='bbox 1595 3973 1695 4023; x_wconf 81' lang='lat' dir='ltr'>tire,</span> <span class='ocrx_word' id='word_1_991' title='bbox 1713 3974 1760 4012; x_wconf 90' lang='lat' dir='ltr'>ut</span> <span class='ocrx_word' id='word_1_992' title='bbox 1777 3971 1886 4023; x_wconf 88' lang='lat' dir='ltr'>quod</span> <span class='ocrx_word' id='word_1_993' title='bbox 1902 3969 2076 4010; x_wconf 89' lang='lat' dir='ltr'>mundus</span> <span class='ocrx_word' id='word_1_994' title='bbox 2093 3966 2145 4009; x_wconf 85' lang='lat' dir='ltr'>sit</span> <span class='ocrx_word' id='word_1_995' title='bbox 2159 3969 2272 4008; x_wconf 86' lang='lat' dir='ltr'>ortus</span> <span class='ocrx_word' id='word_1_996' title='bbox 2293 3969 2335 4008; x_wconf 88' lang='lat' dir='ltr'>et</span> <span class='ocrx_word' id='word_1_997' title='bbox 2350 3968 2582 4008; x_wconf 87' lang='lat' dir='ltr'>interiturus</span> <span class='ocrx_word' id='word_1_998' title='bbox 2597 3967 2637 4007; x_wconf 86' lang='lat' dir='ltr'>et</span> <span class='ocrx_word' id='word_1_999' title='bbox 2651 3966 2760 4017; x_wconf 81' lang='lat' dir='ltr'>sphae</span> <span class='ocrx_word' id='word_1_1000' title='bbox 2854 3993 2858 3998; x_wconf 86' lang='lat'><em>-</em></span> 
     </span>
     <span class='ocr_line' id='line_1_156' title="bbox 1598 4029 2846 4091; baseline -0.005 -14"><span class='ocrx_word' id='word_1_1001' title='bbox 1598 4038 1637 4077; x_wconf 89' lang='lat' dir='ltr'>et</span> <span class='ocrx_word' id='word_1_1002' title='bbox 1657 4035 1767 4087; x_wconf 88' lang='lat' dir='ltr'>quod</span> <span class='ocrx_word' id='word_1_1003' title='bbox 1783 4035 1963 4091; x_wconf 84' lang='lat' dir='ltr'>conditor</span> <span class='ocrx_word' id='word_1_1004' title='bbox 1975 4035 2016 4074; x_wconf 88' lang='lat' dir='ltr'>et</span> <span class='ocrx_word' id='word_1_1005' title='bbox 2030 4032 2327 4075; x_wconf 80' lang='lat' dir='ltr'>administrator</span> <span class='ocrx_word' id='word_1_1006' title='bbox 2339 4031 2425 4082; x_wconf 85' lang='lat' dir='ltr'>ejus</span> <span class='ocrx_word' id='word_1_1007' title='bbox 2443 4030 2542 4072; x_wconf 88' lang='lat' dir='ltr'>deus</span> <span class='ocrx_word' id='word_1_1008' title='bbox 2556 4029 2787 4071; x_wconf 83' lang='lat' dir='ltr'>universum</span> <span class='ocrx_word' id='word_1_1009' title='bbox 2798 4036 2846 4073; x_wconf 74' lang='lat' dir='ltr'>,eu</span> 
     </span>
     <span class='ocr_line' id='line_1_157' title="bbox 1598 4092 2834 4151; baseline -0.007 -11"><span class='ocrx_word' id='word_1_1010' title='bbox 1598 4099 1828 4151; x_wconf 85' lang='lat' dir='ltr'>pervadat·</span> <span class='ocrx_word' id='word_1_1011' title='bbox 1868 4098 2143 4138; x_wconf 87' lang='lat' dir='ltr'>universarum</span> <span class='ocrx_word' id='word_1_1012' title='bbox 2176 4106 2311 4136; x_wconf 88' lang='lat' dir='ltr'>rerum</span> <span class='ocrx_word' id='word_1_1013' title='bbox 2342 4093 2560 4145; x_wconf 85' lang='lat' dir='ltr'>primordia</span> <span class='ocrx_word' id='word_1_1014' title='bbox 2588 4092 2745 4133; x_wconf 84' lang='lat' dir='ltr'>diversa</span> <span class='ocrx_word' id='word_1_1015' title='bbox 2790 4106 2834 4125; x_wconf 56' lang='grc' dir='ltr'>ιε»-</span> 
     </span>
     <span class='ocr_line' id='line_1_158' title="bbox 1598 4152 2836 4213; baseline -0.005 -9"><span class='ocrx_word' id='word_1_1016' title='bbox 1598 4164 1734 4204; x_wconf 89' lang='lat' dir='ltr'>mundi</span> <span class='ocrx_word' id='word_1_1017' title='bbox 1750 4164 1882 4203; x_wconf 89' lang='lat' dir='ltr'>autem</span> <span class='ocrx_word' id='word_1_1018' title='bbox 1899 4172 2057 4213; x_wconf 88' lang='lat' dir='ltr'>aquam,</span> <span class='ocrx_word' id='word_1_1019' title='bbox 2076 4162 2116 4201; x_wconf 89' lang='lat' dir='ltr'>et</span> <span class='ocrx_word' id='word_1_1020' title='bbox 2134 4161 2280 4212; x_wconf 82' lang='lat' dir='ltr'>practer</span> <span class='ocrx_word' id='word_1_1021' title='bbox 2294 4159 2486 4210; x_wconf 87' lang='lat' dir='ltr'>quattuor</span> <span class='ocrx_word' id='word_1_1022' title='bbox 2497 4158 2694 4198; x_wconf 87' lang='lat' dir='ltr'>elementa</span> <span class='ocrx_word' id='word_1_1023' title='bbox 2710 4152 2806 4207; x_wconf 82' lang='lat' dir='ltr'>quin</span> <span class='ocrx_word' id='word_1_1024' title='bbox 2832 4170 2836 4187; x_wconf 72' lang='lat'>2</span> 
     </span>
     <span class='ocr_line' id='line_1_159' title="bbox 1598 4218 2793 4280; baseline -0.008 -13"><span class='ocrx_word' id='word_1_1025' title='bbox 1598 4228 1799 4280; x_wconf 80' lang='lat' dir='ltr'>quandam</span> <span class='ocrx_word' id='word_1_1026' title='bbox 1819 4227 2003 4266; x_wconf 85' lang='lat' dir='ltr'>naturam</span> <span class='ocrx_word' id='word_1_1027' title='bbox 2031 4235 2115 4264; x_wconf 89' lang='lat' dir='ltr'>esse</span> <span class='ocrx_word' id='word_1_1028' title='bbox 2137 4235 2160 4264; x_wconf 88' lang='grc' dir='ltr'>ε</span> <span class='ocrx_word' id='word_1_1029' title='bbox 2186 4234 2266 4274; x_wconf 90' lang='lat' dir='ltr'>qua</span> <span class='ocrx_word' id='word_1_1030' title='bbox 2293 4222 2438 4264; x_wconf 82' lang='lat' dir='ltr'>coelum</span> <span class='ocrx_word' id='word_1_1031' title='bbox 2458 4223 2644 4271; x_wconf 84' lang='lat' dir='ltr'>astraque</span> <span class='ocrx_word' id='word_1_1032' title='bbox 2681 4218 2793 4259; x_wconf 82' lang='lat' dir='ltr'>const</span> 
     </span>
     <span class='ocr_line' id='line_1_160' title="bbox 1598 4281 2859 4340; baseline -0.008 -8"><span class='ocrx_word' id='word_1_1033' title='bbox 1598 4295 1744 4332; x_wconf 85' lang='lat' dir='ltr'>terram</span> <span class='ocrx_word' id='word_1_1034' title='bbox 1769 4292 1807 4331; x_wconf 93' lang='lat' dir='ltr'>in</span> <span class='ocrx_word' id='word_1_1035' title='bbox 1824 4290 1954 4332; x_wconf 86' lang='lat' dir='ltr'>medio</span> <span class='ocrx_word' id='word_1_1036' title='bbox 1977 4289 2094 4330; x_wconf 85' lang='lat' dir='ltr'>sitam</span> <span class='ocrx_word' id='word_1_1037' title='bbox 2115 4289 2311 4340; x_wconf 85' lang='lat' dir='ltr'>universi;</span> <span class='ocrx_word' id='word_1_1038' title='bbox 2327 4287 2377 4329; x_wconf 87' lang='lat' dir='ltr'>de</span> <span class='ocrx_word' id='word_1_1039' title='bbox 2390 4286 2562 4336; x_wconf 86' lang='lat' dir='ltr'>semine,</span> <span class='ocrx_word' id='word_1_1040' title='bbox 2579 4285 2628 4326; x_wconf 90' lang='lat' dir='ltr'>de</span> <span class='ocrx_word' id='word_1_1041' title='bbox 2643 4284 2774 4324; x_wconf 73' lang='lat' dir='ltr'>anima</span> <span class='ocrx_word' id='word_1_1042' title='bbox 2789 4282 2823 4322; x_wconf 82' lang='lat' dir='ltr'>al</span> <span class='ocrx_word' id='word_1_1043' title='bbox 2839 4281 2859 4315; x_wconf 53' lang='grc' dir='ltr'>Γ</span> 
     </span>
    </p>
   </div>
  </div>
 </body>
</html>
