3016 4628
125 419 188 467 ἔτι
214 420 290 483 μὲν
324 418 408 483 (τὰ
435 417 672 484 γράμματα
710 415 840 461 addit
877 415 1104 473 Telephus
1134 431 1209 474 ap.
1244 417 1280 459 E
1284 424 1371 461 ust.
1388 415 1402 474 )

131 492 205 536 καὶ
239 490 318 547 τὴν
352 489 560 551 δημοσίαν
583 486 821 552 σφραγῖδα’
853 483 1024 529 ἐπειδὰν
1048 483 1092 528 δὲ
1118 486 1154 530 οἱ
1187 483 1411 546 πρυτάνεις

127 561 400 625 συναγάγωσι
416 560 491 617 τὴν
513 558 668 624 βουλὴν
687 556 715 614 ἢ
732 574 803 602 τον
829 555 988 615 δῆμον,
1003 555 1069 600 6’
1051 552 1283 611 επιστάτης
1306 555 1409 611 κλη-

128 633 193 696 ροῖ
214 631 446 696 προέδρους
471 629 590 678 ἐννέα
617 630 722 692 (της
741 626 905 679 πόλεως
934 627 1043 671 add.
1075 627 1264 685 Teleph.
1290 629 1321 673 l.
1351 629 1380 672 l.
1396 632 1409 686 >

23 766 26 767 ⁷
127 703 214 751 ἀπὸ
236 707 371 768 φυλῆς
392 701 574 759 ἑκάστης
590 699 688 758 ἕνα,
708 697 819 755 πλὴν
845 701 920 754 τῆς
937 696 1311 761 πρυτανευούσης,
1336 699 1409 743 καὶ

13 787 46 977 ‘t
125 774 295 821 πάλινέ
278 793 325 820 εκ
339 777 422 820 τῶν
445 772 563 819 ἐννέα
579 772 739 819 τούτων
758 767 990 825 ἐπιστάτην
1011 767 1085 814 ἕνα
1102 769 1255 832 κληροῖ
1273 767 1344 814 καὶ
1361 767 1408 814 τὸ

125 849 305 908 πρᾶγμα
335 842 626 907 παραδίδωσι·
644 846 768 894 ουτος
798 840 841 887 δὲ
859 838 1020 901 εἰσάγει
1039 858 1114 895 την
1149 839 1297 897 δίκην,
1335 841 1409 887 καὶ

127 916 395 977 ἐπιμελεῖται
431 914 544 962 κατὰ
584 913 713 975 νόμον
746 904 888 958 πάντα
921 929 1015 972 γενε
998 909 1143 969 ’,σθαι
1177 929 1250 957 και
1277 909 1410 971 μηδὲν

124 988 466 1052 παραλειφθηναι
490 983 595 1049 πρὸς
619 984 667 1030 τὸ
686 984 941 1046 διδαχθῆναι
963 980 1058 1034 τοὺς
1079 981 1298 1034 δικαστάς.
1322 986 1410 1027 Ea-

126 1062 231 1106 dem
253 1061 348 1103 haee
367 1060 624 1103 Eustathius
649 1058 708 1101 ad
727 1057 888 1115 Odyss.
915 1057 975 1110 P,
1007 1052 1115 1110 455,
1155 1071 1180 1099 e
1206 1056 1410 1113 Telepho

127 1132 285 1188 tradit,
301 1132 382 1190 qui
394 1131 487 1190 ipse
504 1145 585 1175 sua
593 1130 836 1189 sumpserit
846 1143 902 1172 ex
916 1128 1178 1172 Aristotele.
1195 1126 1261 1172 Cf.
1273 1128 1408 1171 etiam

126 1206 278 1263 Etym.
305 1203 370 1246 M.
393 1217 430 1246 5.
456 1217 502 1244 v.

0 1076 24 1134 *l

0 1163 1 1181 l
17 1162 24 1181 'i

0 1223 2 1253 l

0 1264 22 1349 l·
51 1343 53 1346 ι
719 1291 798 1339 24.

0 1351 2 1372 ,
30 1354 34 1359 .

193 1415 577 1475 Harpocration·
616 1404 669 1455 Ο
694 1404 973 1471 γραμματευς
1002 1405 1092 1472 πὸξς
1115 1422 1160 1450 τε
1180 1403 1411 1451 καθίστατο

127 1483 203 1530 καὶ
239 1485 279 1532 τί
304 1485 533 1550 ἔπραττεν,
555 1483 612 1533 ὡς
635 1499 718 1526 των
751 1478 1021 1541 γραμμάτων
1057 1475 1093 1522 τ’
1121 1473 1211 1522 ἐστὶ
1240 1474 1408 1539 κύριος,

128 1555 273 1603 καὶτὰ
288 1556 547 1622 ψηφίσματα
571 1551 624 1598 τὰ
643 1549 850 1613 γενόμενα
875 1549 1105 1614 φυλάττει,
1129 1546 1202 1594 καὶ
1225 1546 1279 1592 τὰ
1299 1547 1409 1593 ἄλλα

128 1626 271 1674 πάντα
298 1625 626 1692 ἀντιγράφεται,
653 1641 726 1668 και
748 1620 1054 1684 παρακάθηται
1079 1639 1131 1682 τῃ
1159 1619 1309 1682 βούλῃ,
1338 1618 1408 1664 δε-

133 1699 324 1757 δηλωκεν
350 1695 682 1763 Ἀριστοτέλης’
666 1713 707 1739 εν
729 1691 961 1748 Ἀθηναίων
987 1690 1213 1754 Πολιτεία.

192 1773 260 1818 Cf.
293 1773 462 1817 Pollux
494 1769 634 1822 VIII,
672 1765 771 1825 98:
799 1761 1087 1826 Ιραμματευς
1115 1765 1136 1807 6
1160 1761 1273 1808 κατὰ
1299 1781 1410 1826 πρυ-

125 1839 296 1887 τανείαν
309 1837 579 1904 κληρωθεις““
563 1835 643 1882 υπὸ
663 1854 738 1891 της
761 1835 950 1898 βουλης’
932 1834 1002 1880 επὶ
1021 1853 1080 1898 τῳ
1097 1832 1152 1880 τὰ
1171 1832 1411 1924 γράμματα

128 1912 350 1978 φυλάττειν
374 1930 448 1958 και
474 1909 528 1956 τὰ
552 1906 836 1974 ψηφίσματα,
859 1904 933 1952 καὶ
965 1904 1103 1970 ε’τερος
1127 1905 1196 1951 ἐπὶ
1225 1903 1321 1959 τους
1339 1904 1411 1951 νό-

131 2004 235 2046 μους
257 1983 340 2031 &ab
374 2003 449 2041 της
485 1983 637 2046 βουλης
659 1977 1045 2043 χειροτονούμενος.
1075 1976 1130 2025 ‘O
1156 1976 1245 2023 δὲε
1230 1977 1313 2023 υπὸ
1338 1980 1412 2023 του

89 2056 268 2116 δήμου
293 2054 472 2121 αἱρεθεις
494 2049 774 2119 γραμματευς
809 2048 1092 2112 ἀναγινώσκει
1115 2052 1180 2114 τῶ
1209 2068 1254 2095 τε
1287 2048 1413 2113 δήμῳ

126 2127 200 2174 καὶ
225 2130 278 2190 τῇ
307 2128 456 2191 βουλῆ.
485 2152 550 2159 --
577 2123 778 2170 Suidas:
803 2119 1110 2186 Γραμματεύς·
1139 2125 1258 2173 οὗτος
1292 2120 1411 2184 πρά-

79 2199 228 2258 ,ξεως
265 2198 342 2262 μὲν
383 2199 580 2258 οὐδεμιᾶς
618 2187 669 2252 ἠν
710 2192 878 2258 κύριος,
915 2192 1234 2256 ὓπανεγίνωσκε
1273 2190 1318 2238 δὲ
1356 2195 1410 2255 τῇ

129 2271 262 2334 βουλῇ
283 2289 356 2316 και
381 2272 440 2315 τῶ
462 2268 587 2332 δήμω
615 2265 669 2312 τὰ
702 2263 994 2329 πραττόμενα·
1027 2267 1049 2310 6
1070 2264 1106 2311 6’
1132 2262 1413 2328 ἀντιγραφευς

127 2342 201 2389 καὶ
219 2335 340 2395 οὗτος
365 2340 451 2387 ἀπὸ
469 2346 540 2387 τοῦ
561 2338 738 2403 γράφειν
760 2335 882 2402 παρὰ
900 2341 954 2400 τῇ
981 2338 1114 2400 βουλῇ
1140 2335 1408 2398 ὠνόμασται.

35 2467 38 2472 1
129 2418 242 2459 Lex.
266 2415 404 2459 Rhet.
432 2429 506 2472 ap.
526 2412 667 2456 Bekk.
692 2413 781 2455 An.
804 2426 853 2469 p.
882 2408 1000 2454 185.'
1019 2409 1130 2456 226.
1153 2411 1409 2454 Hermann.

136 2487 560 2543 127;Schoe1nann.
586 2486 695 2528 Ant,
722 2498 771 2541 p.
799 2481 910 2526 218.

43 2565 65 2580 <2

731 2605 809 2652 25.

196 2735 327 2779 Idem
368 2751 378 2778 z
418 2729 813 2794 Ἀντιγραφεὺς,
845 2730 1190 2790 ὃκαθιστάμενος
1223 2727 1293 2774 ἐπὶ
1331 2731 1414 2774 τῶν

57 2799 64 2801 ’
130 2802 488 2852 καταὸαλλόντων
523 2802 617 2849 τινὰ
649 2806 701 2865 τῇ
741 2800 864 2855 πόλει
897 2800 1129 2865 χρήματα,
1155 2798 1267 2846 ὥστε
1302 2802 1416 2846 ἀντι-

131 2876 366 2940 γράφεσθαι
413 2879 566 2920 ταῦτα.
610 2873 887 2935 Δημοσθένης
928 2875 970 2919 ἐν
1007 2875 1068 2937 τῷ
1107 2875 1202 2918 κατ’
1243 2873 1411 2936 Ἀνδρο-

83 2951 86 2954 ’
132 2948 277 3002 τίωνος
299 2949 353 3009 (§
378 2949 490 3010 70),
519 2946 591 2993 καὶ
617 2945 823 3008 Αἰσχίνης
851 2947 893 2991 ἐν
918 2945 979 3010 τῷ
1013 2942 1126 2991 κατὰ
1153 2946 1411 3009 Κτησιφῶν·

134 3039 201 3073 τος
225 3021 272 3082 (§
309 3020 412 3082 25).
453 3017 596 3067 Διττοὶ
622 3016 667 3064 δὲ
701 3012 809 3074 ἦσαν
846 3017 1137 3081 ἀντιγραφεῒς,
1173 3019 1194 3062 6
1239 3018 1315 3077 μὲν
1340 3020 1416 3074 τῆς

133 3089 400 3147 διοικήσεως,
427 3090 484 3143 ὥς
508 3109 611 3154 φησι
636 3089 878 3154 Φιλόχορος
901 3091 983 3150 (fr.
1001 3090 1102 3151 61),
1125 3091 1147 3134 6
1165 3086 1211 3155 δὲ(
1224 3093 1299 3145 τῆς
1316 3092 1414 3152 {306-

76 3160 84 3219 ζ
135 3164 234 3220 λῆς,
257 3164 314 3216 ὣς
332 3161 625 3225 Ἀριστοτέλης
659 3163 701 3207 ἐν
734 3161 967 3219 Ἀθηναίων
990 3159 1204 3224 πολιτείᾳ.
1241 3163 1415 3206 Eadem

135 3251 191 3280 ex
225 3243 357 3294 parte
381 3226 543 3279 Suidas
571 3251 606 3278 s.
630 3251 677 3279 V.
703 3235 771 3282 Cf.
797 3236 964 3279 Pollux
988 3236 1122 3291 VIII,
1147 3250 1209 3294 99
1239 3250 1249 3277 :
1279 3232 1414 3279 Ἀντι-

58 3333 86 3373 ,ι

741 3373 815 3414 24.

52 3439 147 3491 5³32„
186 3444 246 3482 De
266 3440 409 3480 soribae
425 3440 615 3480 electione
638 3442 758 3490 atque
777 3440 933 3491 officio,
957 3440 1065 3490 quod
1091 3441 1319 3480 tabularum
1351 3451 1420 3490 pe·-

0 3550 1 3566 }
38 3495 39 3498 ¹
60 3484 97 3540 '2¹¹⁴
136 3515 210 3550 nes,
220 3516 311 3546 eum
330 3506 526 3555 potestas,
544 3507 585 3544 et
599 3505 852 3544 decretorum
873 3505 1068 3544 factorum
1085 3504 1264 3543 custodia
1280 3505 1397 3543 fuerit
1409 3534 1420 3552 ,

67 3567 95 3617 ,εξ
138 3566 349 3619 ceteraque
381 3567 515 3607 omnia
546 3569 687 3607 eontra
718 3568 921 3618 scripserit
952 3578 999 3607 ac
1029 3567 1182 3607 senatui
1209 3567 1420 3617 assederit,

77 3683 81 3685 μ
138 3631 364 3677 Aristoteles
373 3630 510 3671 docuit
529 3632 571 3671 in
586 3634 682 3683 Rep.
703 3631 1013 3726 Agieniensium.

191 3752 534 3805 eontrascriptor,
573 3754 644 3804 qui
673 3754 911 3804 praepositus
941 3755 1000 3793 est
1042 3753 1141 3802 illis,
1172 3754 1241 3803 qui
1271 3753 1422 3792 civitati

64 3884 87 3934 ,ἐξ
115 3922 117 3924 ,
142 3881 184 3934 in
208 3881 386 3923 oratione
408 3883 547 3921 contra
569 3881 875 3930 Androtionem‚
892 3883 932 3921 et
952 3882 1157 3921 AEschines
1175 3883 1312 3920 contra
1331 3883 1423 3921 Cte-

7 3999 9 4003 Α
74 3957 92 3976 *-
141 3940 378 3994 siphontem.
410 3947 532 3984 Erant
552 3947 688 3984 autem
706 3945 814 3994 bini,
838 3956 943 3984 unus
973 3935 1348 3993 administrationis,
1377 3947 1423 3984 ut

75 3998 99 4051 εξ
139 4007 199 4048 ait
213 4008 491 4060 Philochorus,
507 4009 608 4049 alter
623 4011 810 4059 senatus,
829 4011 876 4050 ut
895 4010 1127 4050 Aristoteles
1153 4009 1276 4047 dicit·
1266 4020 1306 4047 in
1323 4011 1421 4057 Rep.

75 4057 110 4143 ζ
143 4068 452 4118 Atheniensium.

719 4142 810 4182 ’26.

194 4205 474 4247 Aristoteloein
497 4208 591 4257 Rep.
619 4206 918 4247 Atheniensium
951 4209 1086 4248 scribit
1114 4226 1122 4247 ;
1155 4223 1172 4242 «
1209 4209 1364 4266 Aschon
1381 4210 1420 4252 et

337 4294 575 4324 FRAGMENTA
597 4293 696 4320 insv-
720 4292 785 4319 GR.
815 4301 857 4307 -—
888 4287 975 4316 vot.
995 4287 1037 4313 Η.

79 4474 102 4502 5

925 309 1133 356 ATHEN
1147 308 1411 357 lENSlUM
1452 308 1852 357 RESPUBLICA.

140 3817 347 3868 pecuniam
372 3816 557 3868 solvunt,
599 3820 645 3858 ut
667 3829 756 3859 eam
776 3818 1022 3858 transcribat.
1054 3817 1118 3857 Sic
1139 3818 1431 3856 Demosthenes-

2681 318 2768 359 113

1486 412 1669 477 γραφεὺς
1684 448 1696 472 ,
1714 411 1917 475 πρότερον
1937 409 2012 471 μ’ὲν
2039 412 2224 472 αἱρετὸς,
2256 408 2370 465 αὖθις
2392 415 2433 460 δὲ
2456 415 2672 479 κληρωτὸς
2695 408 2766 473 ἦν.

1491 483 1575 531 Καὶ
1616 481 1758 528 πάντα
1797 481 2081 545 ἀντεγράφετο
2123 483 2482 543 παρακαθήμενος
2519 490 2571 548 τῇ
2614 488 2763 549 βουλῇ,

1484 556 1681 600 Bekker.
1709 554 1884 598 Anecd.
1910 556 1956 608 Ι,
1995 569 2041 612 p.
2083 558 2193 605 [210.
2229 557 2480 601 Hermann.
2508 559 2539 603 l.
2573 560 2602 601 1.

1492 628 1564 683 183
1583 628 1877 671 Schoemann.
1906 627 1938 671 l.
1966 627 1996 668 l.
2021 641 2068 684 p.
2098 624 2214 680 218,
2245 626 2315 669 16.

2089 735 2167 779 26.

2652 574 2766 618 127,

1551 849 1683 893 Idem
1702 865 1746 894 ν.
1767 845 1988 910 Πάρεδρος
2007 863 2017 893 :
2039 843 2331 908 Ἀριστοτέλης
2351 843 2438 889 δ’ἐν
2457 847 2508 906 τῇ
2536 844 2769 900 Ἀθηναίων

1485 918 1678 983 πολιτείᾳ
1702 918 1830 983 φησί·
1850 940 1868 959 α
1891 916 2214 978 Λαμὲάνουσι
2193 935 2236 962 οε
2259 915 2492 979 παρέδρους
2517 915 2541 960 6'
2558 935 2602 961 τε
2623 916 2767 980 ἄρχων

1487 1010 1558 1037 και
1579 994 1600 1036 ὁ
1623 990 1915 1053 πολέμαρχος,
1950 964 2023 1035 δύο
2051 989 2249 1052 ἑκάτερος
2269 987 2338 1040 ους
2359 987 2410 1033 ἂν
2437 986 2669 1049 βούληται·
2697 988 2770 1034 καὶ

1486 1067 1599 1110 ουτοι
1621 1061 1956 1123 δοκιμάζονται’
1938 1079 1980 1106 εν
2004 1078 2064 1122 rt)
2084 1058 2345 1122 δικαστηρίω
2359 1057 2456 1122 πρὶν
2477 1057 2772 1121 παρεδρεύειν,

1485 1134 1557 1181 καὶ
1594 1132 1767 1186 εὐθύνας
1803 1131 1989 1178 διδόασιν
2025 1131 2132 1178 ἐπὰν
2163 1129 2481 1196 παρεδρεύωσιν
2509 1129 2775 1194 (παρεδρεύ-

1486 1208 1622 1252 σωσιῖ)
1648 1206 1834 1266 ssekk.).
1861 1205 2033 1249 Eadem
2057 1204 2262 1258 Photius,
2289 1203 2467 1248 Suidas.

1550 1279 1619 1324 Cf.
1659 1280 1824 1323 Pollux
1859 1279 1994 1332 VIII,
2034 1292 2093 1336 92
2124 1292 2134 1319 :
2175 1273 2390 1337 Πάρεδροι
2425 1273 2461 1318 δ’
2487 1273 2770 1335 ὀνομάζονται

1485 1349 1553 1402 οὒς
1577 1351 1794 1413 αἱρουνται
1819 1347 1962 1411 ἅρχων
1986 1346 2059 1393 καὶ
2087 1345 2283 1410 βασιλεὺς
2304 1344 2377 1392 καὶ
2392 1346 2681 1408 πολέμαρχος,
2701 1346 2773 1393 δύο

1486 1419 1661 1472 ἕκαστος
1682 1418 1751 1471 οὒς
1774 1418 1989 1482 βούλεται.
2017 1420 2343 1478 Δοκιμασθηναι
2383 1416 2417 1462 δ’
2453 1416 2603 1470 αὐτους
2643 1419 2773 1481 ἐχρῆν

1486 1495 1527 1539 ἐν
1552 1493 1636 1545 τοῖς
1660 1490 1976 1548 πεντακοσίοις,
2002 1481 2076 1536 εἰτ’
2102 1490 2144 1534 ἐν
2169 1488 2449 1552 δικαστηρίω.
2478 1491 2775 1553 Προσαιροῧν-

1486 1584 1556 1610 ται
1582 1564 1626 1610 δὲ
1662 1583 1736 1609 και
1772 1561 2033 1626 γραμματέα
2051 1598 2064 1623 ,
2089 1559 2173 1613 ὅς’
2155 1559 2318 1624 εννόμω
2349 1560 2613 1626 δικαστηρίω
2637 1561 2774 1625 κρίνε-

1486 1654 1573 1681 ται.
1603 1639 1671 1681 Ex
1701 1637 1771 1680 his
1801 1635 2086 1694 supplendus
2116 1634 2247 1677 locus
2267 1636 2544 1694 Harpocrat.
2571 1635 2638 1680 Cf.
2668 1636 2775 1680 Sui-

1487 1709 1587 1763 das,
1615 1710 1830 1762 Photius‚
1850 1708 2048 1766 Hesych.
2073 1721 2107 1749 s.
2135 1720 2207 1761 v.;
2235 1707 2486 1755 Hermann.
2509 1707 2534 1766 ξ
2563 1706 2674 1762 138,
2703 1723 2776 1762 123

1486 1782 1778 1826 Schoemann.
1801 1793 1848 1839 p.
1875 1778 1967 1832 245
1984 1812 1995 1833 ,
2024 1777 2096 1821 15.

2095 1888 2172 1932 27.

1554 1978 1687 2022 Idem
1735 1990 1746 2020 ἐ
1799 1977 1888 2027 Εἰς
1933 1977 2178 2040 ἐμφανῶν
2234 1973 2599 2030 κατάστασιν,
2645 1978 2780 2040 ὄνομα

1488 2045 1607 2103 δίκης
1649 2046 1762 2093 ἐστὶν
1813 2045 1919 2111 ὑπὲρ
1971 2052 2042 2093 τοῦ
2088 2047 2142 2094 τὰ
2182 2047 2547 2112 ἀμφισὸητήσιμα
2587 2041 2696 2095 εἶναι
2737 2050 2781 2094 ἐν

1488 2123 1656 2184 φανερῷ
1699 2118 1834 2182 (ὑπὲρ
1875 2123 1950 2165 τοῦ
1988 2110 2043 2166 τὰ
2084 2119 2474 2184 ἅμφισὸητούμενα
2519 2122 2563 2167 ἐν
2611 2123 2781 2185 φανερῷ

1486 2195 1668 2248 ποιῆσαι
1702 2193 1845 2237 codd.
1873 2196 1930 2237 D.
1958 2196 2011 2238 E.
2041 2204 2086 2238 et
2110 2191 2316 2255 suidas).
2346 2192 2502 2245 Ἰσαῖος
2526 2195 2569 2239 ἐν
2594 2196 2653 2256 τῷ
2677 2192 2778 2255 περὶ

1488 2268 1559 2310 τοῦ
1598 2262 1928 2324 Φιλοκτήμονος
1957 2262 2134 2328 κλήρου.
2163 2263 2216 2311 Ὁ
2243 2263 2288 2310 δὲ
2313 2264 2606 2327 Ἀριστοτέλης
2648 2267 2690 2311 ἐν
2725 2267 2779 2327 τῇ

1489 2335 1718 2392 Ἀθηναίων
1742 2334 1937 2399 πολιτείᾳ
1961 2335 2064 2400 πρὸς
2089 2335 2160 2382 τὸν
2210 2334 2453 2400 ἄρχοντά
2483 2355 2588 2401 φησι
2611 2337 2779 2399 λαγχά-

1488 2411 1632 2453 νεσθαι
1657 2405 1817 2462 ταύτην
1842 2405 1918 2463 τὴν
1945 2406 2090 2468 δίκην,
2129 2407 2201 2453 τὸν
2237 2407 2282 2453 δὲ
2317 2408 2599 2471 ἀνακρίνοντα
2636 2409 2770 2469 (dvm-

1489 2478 1683 2543 κριθέντα
1709 2481 1816 2524 eod.
1839 2482 1896 2524 N.
1918 2480 1931 2540 )
1957 2478 2140 2541 εἰσάγειν
2163 2480 2220 2532 εἷς
2249 2478 2296 2526 τὸ
2324 2479 2610 2542 δικαστήριον.

1555 2553 1624 2597 Cf.
1651 2553 1818 2597 Pollux
1838 2555 1970 2617 VIII,
1999 2553 2056 2596 33
2087 2569 2097 2596 z
2121 2542 2208 2598 ἾΙν
2234 2549 2278 2597 δὲ
2319 2550 2414 2608 δίκη
2450 2551 2524 2596 καὶ
2545 2552 2603 2604 εἷς
2636 2552 2774 2615 ἐμφα-

1489 2627 1570 2670 νῶν
1594 2622 1858 2669 κατάστασιν
1882 2660 1894 2684 ,
1918 2622 2047 2669 ὁπότε
2070 2642 2133 2676 τις
2157 2622 2413 2686 ἕγγυῆσαιτο
2436 2622 2462 2679 ἢ
2492 2623 2616 2670 αὐτόν
2637 2642 2729 2669 τινα
2753 2623 2781 2680 ἢ

1489 2694 1543 2740 τὰ
1558 2693 1781 2758 χρήματα.
1795 2699 1852 2741 V.
1868 2698 2027 2742 Meier.
2044 2706 2089 2741 et
2104 2695 2397 2742 Schoemanu.
2416 2698 2465 2740 d.
2482 2699 2524 2740 A
2528 2707 2577 2741 tt.
2597 2698 2784 2741 Pmcess

1488 2784 1536 2826 p.
1577 2769 1669 2812 663
1705 2777 1750 2811 et
1777 2767 1869 2824 374
1897 2784 1998 2826 sqq.
2039 2770 2095 2811 In
2132 2770 2401 2812 universum
2439 2769 2498 2812 de
2541 2770 2684 2812 causis
2723 2770 2781 2812 ad

1490 2841 1724 2883 archontis
1758 2839 2130 2896 jurisdictionem
2175 2841 2514 2899 pertinentibus
2554 2857 2597 2886 v,
2648 2842 2779 2884 Her-

1490 2927 1645 2959 mann.
1667 2912 1693 2972 §
1720 2911 1825 2956 138.

2063 3000 2121 3042 27
2159 3000 2200 3028 a.

1556 3092 1688 3136 Idem
1726 3107 1736 3134 ε
1775 3093 2068 3137 Δατεῗσθαι
2103 3090 2150 3137 τὸ
2185 3091 2450 3156 μερίζεσθαι,
2489 3093 2527 3138 οἱ
2563 3091 2607 3137 δὲ
2644 3093 2780 3148 δατη-

1489 3181 1559 3207 ται
1598 3164 1722 3209 οιονει
1762 3162 1976 3227 μερισταί.
2003 3163 2067 3210 Τὸ
2108 3162 2152 3209 δὲ
2192 3166 2263 3216 εἷς
2296 3164 2535 3219 δατητῶν
2575 3183 2690 3228 αιρε
2673 3183 2783 3209 σιν

1490 3224 1596 3286 εἶδός
1619 3252 1659 3278 τι
1685 3233 1846 3290 δίκης’
1828 3233 1967 3280 εστίν·
1992 3234 2119 3281 ὁπότε
2140 3234 2241 3299 γὰρ
2257 3241 2470 3281 κοινωνοίε
2462 3237 2496 3281 ’ν
2523 3251 2631 3288 τινες
2653 3234 2783 3291 ἀλλή·

1496 3369 1775 3410 Polemarebus
1792 3371 1905 3409 binos
1921 3371 2062 3421 singuli
2078 3367 2292 3411 ass’essores
2307 3383 2379 3411 suo
2390 3371 2584 3410 arbitratu
2602 3374 2781 3419 sumunt;

1495 3436 1615 3482 atque
1633 3433 1674 3471 hi
1702 3433 1741 3471 in
1760 3433 1909 3482 judicio
1925 3437 2018 3474 ante
2035 3446 2181 3474 munus
2207 3435 2351 3474 initum
2369 3436 2639 3486 explorantur,
2656 3436 2698 3475 et
2726 3445 2782 3473 ra·

1493 3496 1621 3535 tiones
1636 3495 1805 3535 reddunt
1823 3508 1988 3537 munere
2005 3498 2143 3537 functi.
2165 3515 2183 3533 υ

1547 3632 1610 3675 Εἰς
1627 3631 1802 3682 ἐμφανῶν
1814 3632 2067 3683 κατάστασιν,
2081 3629 2373 3683 manifestatio
2389 3635 2455 3674 vel
2473 3636 2584 3673 actio
2598 3632 2659 3673 ad
2667 3630 2781 3672 exhi·

1500 3693 1698 3739 bendum,
1722 3695 1801 3735 litis
1813 3706 1960 3735 nomen
1979 3698 2039 3736 est
2056 3708 2149 3746 quae
2174 3698 2225 3737 ob
2253 3697 2295 3736 id
2321 3696 2613 3745 intendebatur,
2641 3698 2685 3734 ut
2708 3707 2753 3734 ea
2769 3726 2779 3743 ,

1496 3755 1545 3795 de
1565 3757 1708 3806 quibus
1735 3760 1836 3797 esset
1855 3756 2145 3809 controversia,
2177 3760 2217 3800 in
2241 3762 2422 3810 apertum
2456 3759 2779 3809 producerentur.

1498 3822 1620 3859 isaeus
1643 3820 1684 3858 in
1703 3822 1881 3860 oratione
1897 3822 1947 3861 de
1967 3823 2184 3863 hereditate
2212 3822 2531 3862 Philoctemonis.
2559 3821 2782 3872 Aristoteles

1499 3894 1593 3921 vero
1631 3880 1672 3921 in
1707 3886 1805 3933 Rep.
1838 3884 2136 3928 Atheniensium
2165 3882 2261 3925 dicit
2291 3882 2393 3935 apud
2422 3885 2650 3923 archontem
2681 3883 2780 3922 hanc

1479 3945 1692 3984 .actionem
1704 3943 1874 3994 intendi,
1895 3947 1963 3997 qui
1986 3959 2026 3987 re
2042 3959 2206 3988 excussa
2225 3949 2265 3987 in
2290 3950 2416 3987 sorum
2437 3958 2522 3986 eam
2543 3945 2777 3985 introducat.

2097 4018 2152 4057 27
2178 4025 2220 4058 a.

1550 4082 1753 4120 Δατεῖσθαι
1769 4111 1780 4130 ,
1798 4081 1992 4132 dividere,
2012 4083 2168 4128 δατηταὶ
2193 4093 2287 4121 vero
2309 4082 2420 4130 quasi
2439 4078 2639 4119 divisores.
2659 4083 2779 4119 Porro

1498 4145 1552 4188 εἰς
1567 4144 1739 4190 δατητῶν
1756 4145 1900 4194 αἵρεσιν
1917 4173 1927 4192 ,
1945 4146 2006 4184 ad
2025 4146 2256 4185 divisorum
2272 4145 2537 4190 electionem,
2562 4140 2619 4180 es't
2645 4144 2777 4192 judicii

1499 4209 1636 4247 forma.
1657 4209 1821 4256 Quoties
1839 4209 1943 4247 enim
1959 4220 2009 4247 ex
2038 4210 2082 4248 iis
2101 4211 2170 4260 qui
2194 4210 2418 4248 societatem
2434 4208 2612 4246 coiissent
2625 4239 2636 4255 ‚
2667 4220 2778 4247 coin-

2573 4315 2594 4338 ὃ
