3002 4646
158 346 290 385 XVIII

161 435 210 502 ἧν
254 441 302 487 τὸ
342 436 418 499 μὲν
443 435 560 500 γένος
584 434 830 489 Βουὸωνεὺς
861 437 938 499 (2),
981 435 1150 499 ἀξίωμα
1176 436 1217 483 δὲ
1253 435 1451 498 μέγιστον

163 517 272 578 ἔχων
294 514 378 559 τῶν
404 508 502 574 περὶ
527 507 622 562 τοὺς
647 508 801 562 τόπους
833 508 1005 563 τούτους
1032 506 1361 562 κατοικούντων,
1384 506 1453 552 διά

160 607 207 635 τε
229 587 306 644 τὴν
331 583 580 649 ἐπιφάνειαν
607 581 843 646 στρατηγὸς
863 582 1127 647 αἱρούμενος.
1156 581 1263 629 Ἐπὶ
1287 578 1395 626 πολὺ
1412 578 1454 624 δὲ

161 659 340 724 ἰσχύων,
365 653 741 720 σωματοφύλακας
762 653 864 719 ἔσχε
885 654 957 701 καὶ
977 657 1167 719 φανερῶς
1187 652 1335 700 ἑαυτὸν
1358 650 1456 697 ἀνέ-

165 732 271 787 δειξε
290 731 512 795 τύραννον.
548 726 672 776 Μετὰ
698 725 741 774 δέ
766 746 883 780 τινας
907 726 1082 791 χρόνους
1122 725 1300 790 ἀδελφὸς
1327 724 1455 769 αὐτοῦ

164 803 331 866 Σεμίας
357 804 436 866 (3),
459 801 652 849 σπεύδων
679 802 735 853 εἷς
760 799 911 846 ἑαυτὸν
946 801 1204 862 περιστῆσαι
1232 794 1310 851 τὴν
1329 794 1454 840 δυνα-

166 876 331 935 στείαν,
370 874 444 922 καὶ
472 873 797 934 πιστευόμενος,
822 874 879 925 ὡς
910 870 960 918 ἂν
988 868 1186 933 ἀδελφὸς,
1211 868 1349 913 ἀνεῖλε
1386 864 1456 910 τὸν

167 949 400 1006 Μοκέλτην
443 944 813 1009 (Μολκέστηνῗ),
848 943 921 990 καὶ
953 942 1030 999 τὴν
1062 938 1287 1005 τυραννίδα
1326 935 1459 984 διεδέ-

167 1022 284 1075 ξατο.
329 1024 387 1069 Οἱ
430 1019 473 1066 δὲ
507 1018 591 1066 υἱοὶ
622 1023 697 1065 τοῦ
723 1016 981 1083 σφαγέντος,
1009 1013 1251 1063 ἀντίπαιδες
1289 1009 1349 1055 ἔτι
1380 1007 1459 1065 τὴν

166 1094 339 1151 ἠλικίαν
363 1092 499 1151 ὄντες,
521 1090 606 1138 ὑπό
626 1109 732 1143 τινος
758 1092 984 1150 συγγενοῦς
1009 1085 1270 1148 ἀπήχθησαν
1296 1083 1353 1134 εἷς
1382 1080 1460 1138 τὴν

166 1164 423 1227 Τερμησσὸν
461 1164 514 1226 (4)
543 1162 770 1227 λαθραίως.
798 1162 874 1208 Ἐν
899 1157 1033 1220 ταύτῃ
1061 1158 1103 1203 δὲ
1124 1153 1353 1221 τραφέντες
1386 1152 1460 1200 καὶ

167 1236 411 1300 γενηθέντες
442 1236 628 1293 ἐνήλικοι
660 1234 730 1280 τόν
760 1253 805 1279 τε
841 1233 1039 1295 πατρῷον
1073 1228 1196 1294 φόνον
1229 1229 1465 1295 μετῆλθον,

170 1309 245 1357 καὶ
257 1309 328 1357 τὸν
355 1307 557 1374 τύραννον
590 1305 808 1359 ἀνελόντες
827 1301 1093 1351 δυναστεύειν
1118 1302 1165 1348 οὗ
1191 1299 1462 1365 προείλοντο,

170 1385 222 1444 τῇ
253 1381 297 1429 δὲ
320 1380 497 1445 πατρίδι
521 1379 598 1436 τὴν
617 1378 908 1443 δημοκρατίαν
935 1373 1311 1430 ἀπεκατέστησαν.

236 1456 406 1503 ΧΧΙΙῙ.
445 1452 546 1501 (Ότι
570 1451 814 1509 Γαλαίστης
836 1469 919 1508 τις,
937 1448 1126 1509 Ἀθαμᾶν
1153 1445 1200 1493 τὸ
1219 1445 1358 1509 γένος,
1375 1445 1464 1498 υἱὸς

168 1526 214 1574 δὲ
233 1525 520 1589 Ἀμυνάνδρου
558 1529 627 1571 τοῦ
656 1519 1011 1586 βεὸασιλευκότος
1046 1518 1320 1580 Ἀθαμάνων,
1348 1518 1460 1582 γένει

173 1599 244 1646 καὶ
281 1597 455 1661 πλούτῳ
492 1596 566 1644 καὶ
605 1595 702 1659 δόξῃ
748 1593 857 1642 πολὺ
890 1592 1087 1658 προέχων
1117 1595 1200 1639 τῶν
1235 1595 1464 1654 ὁμοεθνῶν,

171 1672 337 1735 ἐγένετο
361 1671 478 1735 φίλος
510 1668 780 1730 Πτολεμαίου
800 1671 871 1715 τοῦ
904 1665 1207 1730 Φιλομήτορος
1223 1680 1234 1690 ’
1274 1668 1316 1713 ἐν
1343 1664 1387 1711 δὲ
1411 1669 1463 1730 τῇ

169 1743 272 1809 πρὸς
297 1742 542 1806 Δημήτριον
566 1741 687 1805 μάχη
717 1739 869 1804 (ι).τῶν
892 1738 1113 1801 δυνάμεων
1133 1741 1217 1785 τῶν
1244 1737 1328 1784 ἀπὸ
1355 1737 1467 1785 Ἀλε-

171 1815 388 1879 ξανδρείας
425 1813 599 1877 ἡγεμὼν
639 1813 836 1877 ἐγεγόνει.
907 1805 1046 1866 Οῧτος
1086 1810 1197 1872 μετὰ
1227 1809 1305 1869 τὴν
1329 1804 1466 1868 ἧτταν

174 1889 249 1934 καὶ
269 1887 469 1944 τελευτὴν
500 1887 777 1949 Πτολεμαίου
802 1884 934 1932 ἐλθὼν
963 1887 1020 1938 εἷς
1051 1883 1252 1938 διαὸολὰς
1272 1885 1464 1949 ψευδεῖς,

173 1964 231 2014 ὡς
267 1959 468 2013 ἑκουσίως
506 1966 591 2011 τοῖς
629 1958 848 2021 πολεμίοις
884 1957 1233 2020 καταπροέμενος
1269 1957 1323 2003 τὰ
1354 1957 1467 2021 πρά-

170 2052 335 2095 γματα,
353 2032 427 2078 καὶ
448 2037 520 2078 τοῦ
539 2031 840 2092 διαδεξαμένου
856 2030 931 2088 τὴν
953 2031 1175 2095 βασιλείαν
1193 2030 1469 2092 Πτολεμαίου

174 2105 251 2159 τὰς
275 2105 434 2169 δωρεὰς
459 2104 719 2168 ἀφελομένου
745 2104 818 2151 καὶ
839 2106 1042 2168 χαλεπῶς
1067 2103 1337 2164 διακειμένου
1366 2103 1470 2169 πρὸς

176 2177 319 2235 αὐτὸν,
341 2177 539 2242 eoa-noel<
573 2178 854 2243 ἀπεχώρησεν
882 2179 940 2230 εἷς
958 2176 1036 2234 τὴν
1063 2176 1272 2225 Ἑλλάδα.
1299 2176 1469 2224 Ἐκπε-

176 2250 334 2298 σόντων
360 2250 403 2296 δὲ
428 2250 500 2296 καὶ
523 2250 663 2295 ἄλλων
685 2252 858 2297 πολλῶν
884 2252 932 2297 ἐκ
957 2254 1031 2308 τῆς
1055 2249 1273 2320 Αἰγύπτου
1301 2249 1372 2296 διὰ
1391 2250 1469 2307 τὴν

173 2323 277 2387 πρὸς
296 2322 391 2376 τοὺς
419 2322 784 2388 ὀψωνιαζομένους
805 2323 1071 2388 στρατιώτας
1091 2323 1258 2380 στάσιν,
1285 2322 1471 2384 ἀνέλαὸε

169 2395 267 2450 τοὺς
291 2394 498 2461 φυγάδας.
526 2395 683 2453 Φήσας
705 2395 748 2442 δὲ
778 2397 820 2443 ἐν
851 2395 1204 2461 παρακαταθήκη
1227 2395 1298 2442 τὸν
1341 2399 1470 2459 βασι-

171 2467 247 2515 λέα
271 2471 539 2530 Πτολεμαῖον
558 2468 628 2515 τὸν
657 2468 943 2535 Φιλομήτορα
964 2467 1193 2516 δεδωκέναι
1213 2468 1387 2516 παιδίον
1415 2472 1465 2532 (2)

175 2543 290 2604 αὐτῷ
326 2540 494 2604 τρέφειν
522 2543 569 2587 ἐκ
600 2545 674 2599 τῆς
713 2541 999 2606 Κλεοπάτρας
1029 2541 1100 2588 ἐπὶ
1139 2540 1337 2606 βασιλείᾳ
1356 2579 1369 2605 ,
1395 2543 1469 2588 καὶ

173 2612 311 2677 τούτῳ
336 2613 526 2674 διάδημα
548 2613 730 2678 περιθεὶς
746 2650 757 2671 ,
779 2613 852 2660 καὶ
875 2611 1196 2677 συναγωνιστὰς
1226 2611 1338 2677 ἔχων
1363 2615 1470 2660 πολ-

177 2683 274 2738 λοὺς
288 2686 494 2750 φυγάδας,
507 2686 850 2749 παρεσκευάζετο
863 2686 1066 2750 κατάγειν
1085 2685 1156 2732 ἐπὶ
1170 2685 1246 2743 τὴν
1261 2683 1472 2750 πατρῴαν

179 2759 400 2821 βασιλείαν
425 2757 495 2804 τὸν
520 2760 671 2806 παῖδα.

803 329 885 376 ΕΚ
922 329 1047 376 ΤΗΣ
1087 327 1385 375 ΙΣΤΟΡΙΑΣ
1422 325 1728 373 ΔΙΟΔΩΡΟΥ
1765 319 2168 376 ΣΙΚΕΛΙῼΤΟΥ.

1531 439 1714 478 bonensis
1725 468 1735 487 ‚
1753 438 1853 477 inter
1871 435 2040 485 regionis
2062 434 2179 484 hujus
2193 433 2341 474 incolas
2353 440 2506 484 magnae
2522 434 2584 473 vir
2602 435 2824 476 aestimatio-

1530 531 1589 569 nis
1599 560 1609 579 ‚
1624 530 1783 579 propter
1796 528 1967 567 nominis
1983 526 2252 566 celebritatem
2269 525 2350 566 dux
2364 526 2565 566 exercitus
2579 528 2736 567 creatus
2750 530 2824 568 est.

1531 622 1633 659 Tum
1650 630 1744 658 vero
1757 619 1908 657 viribus
1927 618 2163 668 praepollens
2175 613 2358 657 custodes
2377 617 2554 668 corporis
2567 611 2777 668 assumpsit
2789 620 2830 658 et

1533 715 1663 764 palam
1685 725 1726 753 se
1748 715 1963 763 tyrannum
1987 713 2215 753 exhibebat.
2273 713 2351 753 Sed
2377 712 2486 752 haud
2516 713 2572 752 ita
2590 713 2721 753 multo
2742 714 2831 764 post

1534 811 1655 849 frater
1667 810 1752 859 eJus
1771 810 1920 849 Semias
1932 809 1973 848 in
1993 820 2035 849 se
2047 809 2260 849 transferre
2272 809 2539 859 principatum
2552 809 2719 849 moliens
2729 839 2740 859 ,
2755 809 2833 849 tide

1533 915 1655 955 quam
1671 905 1783 944 fratri
1799 905 1918 945 frater
1935 905 2123 954 habehat,
2140 905 2286 945 abusus
2307 904 2537 945 Molcestem
2553 903 2697 944 occidit
2712 904 2753 944 et
2768 906 2834 954 ty-

1534 997 1699 1037 rannide
1727 997 1876 1047 potitus
1892 998 1962 1037 est.
2017 997 2068 1036 At
2098 996 2166 1036 filii
2194 996 2392 1036 Molcestoe
2406 1026 2418 1046 ‚
2450 995 2644 1069 puerilem
2674 997 2835 1035 aetatem

1535 1090 1714 1129 nondum
1735 1090 1900 1140 egressi,
1928 1100 1953 1130 a
1971 1091 2141 1141 cognato
2163 1090 2338 1141 quodam
2362 1092 2466 1131 clam
2489 1092 2741 1131 Termaesum
2763 1089 2836 1129 ab·

1536 1181 1646 1221 ducti
1666 1182 1771 1221 sunt.
1825 1181 1884 1220 Ibi
1911 1181 2068 1221 educati
2093 1181 2585 1232 postquam.adoleverant
2599 1212 2611 1232 ,
2629 1182 2840 1222 redeuntes

1537 1276 1689 1316 caedem
1713 1278 1919 1327 paternam
1939 1276 2015 1316 ulti
2042 1278 2135 1317 sunt
2164 1287 2262 1316 nece
2284 1276 2466 1326 tyranni,
2496 1286 2544 1316 ac
2573 1277 2842 1329 principatum

1538 1374 1766 1412 recusantes
1782 1372 1995 1423 imperium
2013 1372 2205 1423 populare
2221 1372 2359 1422 patriae
2375 1371 2646 1426 reddiderunt.

1547 1480 1549 1482 .
1591 1449 1738 1487 XXIII.
1779 1447 1995 1494 Galaestes,
2029 1446 2252 1496 Athaman,
2291 1445 2538 1495 Amynandri
2572 1445 2843 1487 Athamanum
2883 1431 2887 1436 ’
2936 1430 2938 1435 “

1539 1536 1641 1586 regis
1665 1535 1795 1586 filius,
1823 1546 1991 1586 genere,
2009 1534 2158 1574 divitiis
2180 1545 2227 1574 ac
2250 1533 2423 1573 nominis
2446 1533 2627 1574 claritate
2651 1534 2756 1575 inter
2771 1545 2846 1585 po·

1540 1622 1699 1673 pulares
1713 1622 1898 1672 insignis,
1915 1621 2120 1661 familiaris
2141 1621 2272 1661 suerat
2289 1620 2495 1661 Ptolemaei
2510 1620 2787 1660 Philometoris
2806 1623 2847 1660 et

1541 1714 1581 1752 in
1607 1713 1747 1764 proelio
1783 1714 1924 1752 contra
1956 1712 2204 1775 Demetrium
2235 1711 2447 1751 commisso
2486 1710 2845 1752 Alexandrinorum

1541 1815 1683 1855 agmen
1709 1803 1896 1845 duxerat.
1949 1805 1989 1844 Is
2011 1807 2102 1853 post
2125 1802 2280 1843 cladem
2298 1803 2339 1843 et
2358 1802 2515 1842 obitum
2545 1802 2752 1843 Ptolemaei
2779 1812 2848 1841 ca·

1543 1897 1785 1936 lumniarum
1806 1894 2022 1935 mendaciis
2044 1894 2342 1935 circumventus
2363 1895 2435 1934 est.
2461 1893 2657 1934 Dicebant
2681 1903 2775 1933 eum
2801 1892 2851 1932 de

1543 1987 1737 2027 industria
1751 1998 1813 2027 res
1828 1986 1932 2027 elabi
1948 1985 2021 2025 sihi
2040 1995 2199 2037 passum
2221 1984 2402 2024 hostibus
2428 1983 2662 2035 prodidisse.
2718 1986 2852 2030 Quare

1546 2076 1785 2116 Ptolemaeus
1811 2074 2069 2124 (Physcon),
2091 2046 2224 2114 fratris
2242 2073 2281 2112 in
2306 2083 2425 2123 regno
2453 2082 2672 2122 successor,
2690 2071 2797 2111 dona
2817 2072 2854 2111 ei

1545 2163 1715 2213 ademit,
1733 2173 1781 2201 ac
1803 2163 1971 2212 pessime
1985 2162 2026 2201 in
2049 2172 2142 2200 eum
2167 2161 2335 2200 affectus
2352 2159 2454 2199 erat.
2507 2159 2645 2209 Itaque
2670 2159 2854 2198 metuens

1545 2248 1619 2288 sibi
1639 2249 1830 2301 Galaestes
1844 2249 1884 2287 in
1909 2248 2107 2288 Graeciam
2131 2248 2255 2297 abiit,
2276 2247 2346 2287 ubi
2365 2247 2464 2287 alios
2478 2247 2629 2287 multos
2648 2247 2719 2297 qui
2738 2225 2852 2287 *sedi-

1545 2337 1654 2376 tione
1675 2337 1815 2376 contra
1834 2336 1980 2376 milites
2001 2307 2259 2386 stipendiatus
2279 2335 2383 2375 facta
2398 2336 2568 2386 AEgypto
2589 2335 2693 2385 pulsi
2717 2336 2854 2384 erant,

1548 2423 1709 2473 recepit.
1765 2424 1816 2462 Et
1852 2423 2110 2463 Ptolemaeum
2145 2422 2456 2462 Philometorem
2497 2421 2632 2462 dicens
2665 2421 2857 2462 custodiae

1549 2522 1632 2551 suae
1653 2510 1896 2550 commisisse
1914 2511 2129 2561 puerulum
2155 2521 2177 2550 e
2195 2510 2409 2560 Cleopatra
2436 2510 2576 2549 natum
2590 2539 2602 2559 ,
2619 2498 2741 2559 quem
2761 2507 2860 2548 edu-

1547 2599 1655 2638 caret
1676 2599 1716 2637 et
1746 2597 1797 2637 ad
1822 2607 1987 2648 regnum
2015 2597 2221 2646 eveheret,
2253 2595 2437 2636 diadema
2461 2595 2556 2635 huic
2582 2594 2793 2646 imposuit,
2814 2595 2856 2634 et

1550 2695 1696 2734 magno
1713 2684 1878 2723 exulum
1894 2694 2061 2723 numero
2084 2683 2246 2733 adjutus
2269 2682 2310 2722 in
2326 2693 2492 2733 regnum
2513 2682 2724 2733 paternum
2744 2680 2859 2722 redu·

1550 2781 1640 2810 cere
1666 2770 1860 2809 tentabat.

177 2911 386 2963 Μοκέλτης.
406 2934 457 2940 -
476 2917 512 2950 2.
536 2914 565 2951 B
577 2914 757 2952 ουὸωνε
770 2914 818 2958 ὺς
834 2912 849 2964 ]
867 2914 928 2953 Cf.
947 2914 1134 2964 stephan.
1158 2916 1253 2964 Byz.
1276 2929 1284 2952 z
1305 2914 1396 2953 Bou
1410 2913 1502 2951 ὅὼν
1515 2942 1526 2961 ,
1547 2911 1655 2957 πόλις
1672 2911 1833 2955 Λυκίας.
1859 2912 2016 2951 Βουὸὼν
2036 2911 2110 2962 γὰρ
2123 2911 2188 2950 καὶ
2205 2911 2408 2961 Βάλὸουρα
2421 2940 2432 2959 ,
2450 2910 2580 2956 πόλεις
2601 2910 2765 2959 Λυκίας,
2782 2909 2860 2949 ἀπὸ

177 2968 398 3020 Βαλὸούρου
421 2971 483 3008 καὶ
504 2971 701 3016 Βουὸῶνος
718 2986 726 2994 ·
746 2972 851 3011 οὗτοι
872 2971 911 3011 δὲ
924 2972 1061 3022 λῃσταὶ
1079 2972 1206 3017 πόλεις
1226 2971 1381 3011 ἔκτισαν
1399 2971 1638 3022 ὁμωνύμους.
1656 2971 1701 3009 Ὁ
1715 2970 1869 3016 πολίτης
1884 2970 2019 3020 ὤφειλε
2040 2970 2271 3015 Βουὸώνιος·
2289 2970 2434 3021 εἴρηται
2448 2969 2487 3008 δὲ
2501 2969 2722 3014 Βουὸωνεύς
2738 2979 2747 2988 ·
2767 2968 2859 3019 χαί-

175 3039 283 3077 ρουσι
297 3027 368 3074 γὰρ
386 3030 420 3065 οἱ
434 3028 569 3066 Λύκιοι
587 3032 641 3078 τῷ
657 3030 779 3080 τύπῳ.
796 3029 1000 3069 Bubonem
1016 3030 1156 3069 urbem
1172 3031 1211 3069 in
1229 3031 1357 3080 Lyciae
1375 3030 1567 3080 Eparchia
1583 3031 1779 3068 memorat
1794 3029 1912 3068 etiam
1928 3028 2128 3074 Hierocles
2141 3029 2375 3079 Synecdem.
2395 3039 2434 3078 p.
2453 3033 2528 3067 395
2539 3062 2550 3078 ‚
2567 3033 2614 3067 25
2631 3028 2672 3066 in
2684 3030 2782 3066 tom.
2804 3029 2862 3067 ΙΙΙ

177 3086 384 3123 Constant.
406 3086 595 3135 Porphyr.
612 3087 675 3127 ed.
693 3089 840 3136 Bonn.;
863 3089 1012 3128 Plinius
1029 3091 1338 3139 XXXV‚I7,57;
1357 3088 1598 3128 Ptolemaeus
1613 3089 1664 3137 V,
1683 3093 1720 3127 3.
1739 3086 1846 3126 Situs
1862 3086 1972 3126 urbis
1986 3087 2165 3136 ignotus;
2182 3089 2288 3139 patet
2300 3089 2434 3126 tamen
2451 3097 2502 3125 ex
2518 3088 2654 3132 nostro
2670 3086 2774 3133 loco,
2794 3085 2862 3125 ubi

177 3143 333 3183 Pisidiae
351 3143 446 3182 urbs
461 3144 710 3194 adscribitur,
730 3147 769 3185 in
786 3147 966 3187 confiniis
979 3149 1111 3198 Lyciae
1131 3150 1171 3188 et
1188 3148 1342 3188 Pisidiae
1359 3158 1441 3186 esse
1457 3145 1694 3197 ponendam.
1715 3168 1763 3178 -
1779 3150 1816 3184 3.
1835 3147 1863 3183 Σ
1874 3145 1950 3195 εμί
1963 3143 2042 3194 ας]
2059 3145 2193 3184 Fuerit
2206 3146 2351 3195 Σημίας
2367 3146 2428 3184 vel
2442 3145 2620 3195 Σιμμίας.
2632 3166 2684 3173 -
2700 3147 2738 3183 4.
2751 3145 2859 3195 Τερ-

177 3203 337 3252 μησσὸ
350 3201 398 3252 ν]
418 3203 615 3253 Τέρμησον
635 3205 775 3245 codex.
800 3197 903 3245 Illud
922 3208 1041 3247 etiam
1065 3209 1244 3248 Dindorf.
1260 3208 1300 3246 in
1319 3206 1482 3247 Diodor.
1501 3206 1654 3252 XVIII,
1673 3206 1746 3253 46,
1767 3209 1802 3243 3.
1824 3205 1888 3253 47,
1912 3207 1933 3241 3
1962 3214 2012 3242 ex
2029 3202 2229 3242 nonnullis
2245 3203 2355 3242 libris
2377 3203 2539 3253 recepit.
2557 3202 2726 3242 Plurimi
2742 3202 2860 3242 codd.

176 3262 207 3300 T
211 3259 390 3310 ερμησὸν.
415 3261 476 3298 Cl‘.
497 3259 546 3299 dc
560 3261 664 3299 varia
682 3260 850 3302 nominis
866 3265 1062 3314 scriptura
1079 3266 1279 3315 Forhiger.
1299 3266 1443 3315 Gcoqr.
1461 3266 1495 3303 ll
1509 3293 1520 3313 ,
1539 3274 1579 3313 p.
1603 3266 1691 3302 328.

233 3318 375 3356 XXIII.
399 3317 483 3356 Fol.
507 3321 593 3366 183,
618 3322 679 3357 30.
699 3330 739 3358 v.
756 3345 805 3352 -
826 3323 895 3360 184
910 3351 919 3369 ,
939 3328 982 3361 14
999 3334 1038 3362 r.
1058 3326 1116 3363 De
1132 3322 1390 3374 Amynandro
1406 3323 1672 3362 Athamanum
1690 3331 1781 3371 rege
1793 3320 1894 3359 bene
1909 3319 2064 3358 constat
2079 3330 2101 3359 e
2118 3319 2303 3369 Polybio,
2320 3318 2454 3365 Livio,
2471 3319 2572 3359 aliis.
2587 3319 2633 3358 Ei
2649 3319 2863 3360 Galaestam

182 3370 307 3411 tilium
327 3371 446 3410 fuisse
462 3383 483 3410 e
507 3375 641 3412 nostro
662 3374 748 3414 loco
773 3376 974 3418 discimus„
1000 3380 1126 3429 Ipsius
1149 3381 1334 3420 Galaestae
1351 3379 1499 3419 mentio
1516 3378 1560 3418 fit
1577 3379 1697 3418 etiam
1725 3380 1765 3418 in
1786 3381 1880 3417 Exc.
1901 3380 1959 3417 De
1975 3378 2109 3416 virtut.
2129 3378 2142 3427 (
2159 3377 2320 3417 Diodor.
2347 3378 2540 3425 XXXIII,
2570 3377 2662 3428 24),
2679 3378 2748 3416 ubi
2764 3379 2866 3426 post·

181 3441 304 3480 quam
321 3430 370 3469 de
388 3430 587 3479 Physcone
601 3433 784 3472 omnibus
800 3434 923 3474 inviso
940 3436 1107 3488 dictum,
1120 3439 1302 3478 additur:
1319 3441 1340 3478 ὁ
1356 3439 1395 3478 δὲ
1409 3438 1618 3489 στρατηγὸς
1636 3436 1753 3488 Ἱέραξ
1767 3436 1780 3487 (
1793 3436 1843 3476 de
1856 3437 1932 3475 hoc
1949 3437 2000 3476 cf.
2016 3435 2212 3475 Posidonii
2231 3436 2278 3475 fr.
2299 3436 2344 3484 7)
2359 3437 2398 3475 ἐν
2411 3439 2489 3478 τοῖς
2505 3436 2728 3486 πολεμικοῖς
2744 3435 2866 3485 ἔργοις

183 3490 404 3540 θαυμαστὸς
426 3491 527 3529 ὢν...
553 3492 713 3542 συνέσχε
735 3494 801 3540 τήν
820 3499 888 3533 τοῦ
910 3498 1152 3547 Πτολεμαίου
1174 3498 1387 3549 βασιλείαν.
1406 3497 1554 3536 Τούτου
1571 3498 1644 3548 γὰρ
1661 3496 1923 3546 ἀπορουμένου
1939 3494 2162 3546 χρημάτων,
2181 3495 2245 3532 καὶ
2261 3497 2338 3532 τῶν
2355 3497 2601 3544 στρατιωτῶν
2623 3493 2866 3544 βουλομένων

184 3547 415 3597 ἀφίστασθαι
434 3549 527 3598 πρὸς
544 3550 817 3597 Γαλαίστην
836 3553 898 3591 διὰ
919 3555 962 3592 τὸ
981 3556 1032 3605 μὴ
1049 3556 1271 3606 κομίζεσθαι
1290 3558 1378 3602 τοὺς
1398 3556 1555 3607 μισθοὺς
1572 3556 1616 3594 ἐκ
1634 3559 1701 3602 τῆς
1717 3554 1813 3598 ἰδίας
1834 3553 1966 3598 οὐσίας
1979 3583 1990 3602 ,
2008 3551 2230 3603 ὀψωνιάσας
2249 3553 2317 3598 τὴν
2337 3553 2512 3603 δύναμιν,
2533 3552 2782 3603 διωρθώσατο
2797 3552 2866 3598 τὴν

185 3605 276 3652 ὅλην
305 3606 533 3655 μεταὸολήν.
557 3608 708 3646 Verum
730 3619 820 3658 quae
841 3611 879 3650 h.
913 3612 936 3650 Ι.
966 3617 1177 3653 narrantur
1197 3617 1286 3664 post
1308 3626 1354 3654 ea
1375 3626 1466 3664 quae
1485 3617 1622 3654 nostro
1640 3616 1688 3655 tr.
1707 3613 2032 3662 leguntur-,sacta
2059 3621 2143 3650 esse
2159 3613 2247 3650 tum
2271 3611 2438 3661 ipsa-res
2457 3610 2620 3658 suadet,
2641 3610 2731 3648 tum
2748 3609 2868 3649 series

183 3666 491 3715 Excerptorum.
510 3667 609 3704 Nam
627 3665 666 3703 in
687 3668 784 3706 Exc.
808 3671 866 3707 De
881 3670 975 3709 virt.
995 3674 1192 3713 antecedit
1212 3675 1351 3725 fragm.
1376 3675 1426 3714 de
1445 3675 1649 3725 sepultura
1665 3672 1856 3720 Viriathi3
1882 3671 1920 3709 in
1944 3671 2087 3710 nostris
2110 3669 2291 3719 sequitur
2312 3670 2360 3709 fr.
2378 3669 2428 3709 de
2447 3669 2556 3708 caede
2573 3667 2751 3718 ejusdem
2769 3670 2782 3718 (
2799 3679 2864 3707 an.

188 3727 262 3764 140
283 3732 320 3766 a.
337 3726 385 3764 C.
400 3723 429 3771 ).
453 3723 575 3772 Igitur
595 3723 715 3763 series
732 3727 790 3764 est
810 3742 818 3764 ι
839 3727 885 3765 fr.
903 3730 1009 3768 XXII
1028 3730 1076 3769 de
1093 3733 1264 3772 Galaeste
1282 3734 1450 3782 rebelle;
1471 3734 1518 3772 sr.
1539 3734 1670 3772 XXIII
1687 3731 1736 3771 de
1755 3730 1863 3770 caede
1876 3729 2044 3770 Viriathi
2059 3742 2070 3779 ;
2088 3729 2158 3768 lib.
2178 3731 2345 3768 XXXIII
2362 3758 2373 3777 ‚
2392 3738 2429 3768 c.
2450 3732 2498 3767 22
2515 3726 2566 3766 de
2581 3727 2787 3777 sepultura
2800 3726 2867 3766 Vi-

185 3783 327 3832 riathi;
345 3793 380 3822 c.
397 3788 444 3823 23
463 3783 512 3822 de
529 3783 692 3822 Hierace
708 3783 946 3834 impediente
966 3799 1015 3828 ne
1031 3790 1174 3830 milites
1190 3791 1238 3830 ad
1260 3792 1459 3830 Galaesten
1482 3791 1659 3841 (bellum
1681 3791 1819 3829 contra
1836 3799 1967 3839 regem
1987 3787 2070 3838 jam
2087 3786 2317 3836 gerentem)
2335 3785 2564 3826 deficerent.
2584 3787 2783 3826 Praeterea
2799 3795 2865 3836 pa-

183 3845 242 3882 tet
251 3844 384 3882 nostra
394 3842 581 3882 accidisse
593 3853 672 3881 non
686 3843 740 3882 ita
754 3844 923 3883 multum
939 3849 1025 3896 post
1039 3851 1204 3888 mortem
1222 3850 1496 3889 Philomeloris
1510 3850 1523 3899 (
1543 3853 1611 3889 146
1623 3850 1650 3900 ).
1669 3848 1776 3889 Adeo
1789 3848 1834 3886 ut
1846 3846 2015 3886 defectio
2029 3845 2214 3886 Galacstae
2231 3844 2428 3895 pertinere
2441 3843 2623 3883 videatur
2639 3843 2690 3883 ad
2705 3848 2865 3883 an.145.

183 3903 324 3950 ltaque
341 3900 570 3941 collocanda
588 3903 677 3951 post
689 3902 758 3941 lib.
773 3904 875 3942 XXX
886 3907 954 3953 ΙΙΙ,
976 3915 1012 3944 c.
1029 3912 1067 3955 6,
1087 3907 1155 3946 ubi
1175 3919 1183 3945 :
1201 3909 1222 3946 ὁ
1243 3910 1528 3959 Πτολεμαῖος...
1548 3909 1585 3954 ἐξ
1598 3906 1855 3958 ἀνομημάτων
1867 3906 2005 3957 ἤρξατο
2022 3904 2199 3956 μεγάλων
2216 3905 2371 3943 διοικεῖν
2386 3903 2436 3943 τὰ
2453 3905 2554 3943 κατὰ
2569 3905 2636 3951 τήν
2651 3902 2864 3954 βασιλείαν.

183 3959 354 4005 Πολλοὺς
373 3959 440 4010 μὲν
452 3959 525 4010 γὰρ
540 3959 622 3997 κτλ.
639 3961 820 4004 Quorum
833 3963 1061 4011 exemplum
1078 3964 1197 4003 etiam
1213 3968 1347 4005 nostra
1362 3968 1490 4006 erant.
1508 3971 1599 4006 -1.
1618 3966 1732 4016 πρὸς
1749 3967 1812 4010 Δη
1824 3964 1884 4014 μή
1896 3976 1946 4014 τρ
1957 3976 2022 4002 ιον
2049 3962 2178 4014 μάχῃ
2193 3961 2206 4012 ]
2221 3964 2304 4002 Hoc
2318 3962 2573 4012 negligentius
2588 3961 2758 4001 dictum.
2777 3964 2867 4000 Pro·

183 4019 311 4058 fectus
323 4027 416 4058 sane
429 4017 672 4058 Philometor
684 4020 743 4057 est
762 4028 809 4057 eo
823 4020 1001 4069 consilio,
1017 4024 1061 4061 ut
1077 4033 1147 4072 pro
1161 4024 1388 4064 Alexandro
1403 4027 1540 4064 contra
1556 4022 1802 4064 Demetrium
1819 4021 2028 4072 pugnaret,
2044 4031 2199 4070 verum,
2219 4022 2264 4060 ut
2282 4030 2403 4070 supra
2417 4030 2467 4059 ex
2485 4018 2658 4060 Diodoro
2677 4018 2864 4066 vidimus,

185 4076 356 4115 mutavit
381 4086 446 4115 rex
465 4075 724 4122 sententiam,
746 4078 890 4116 etcum
917 4079 1118 4118 Demetrio
1132 4082 1269 4119 contra
1290 4082 1558 4122 Alexandrum
1583 4081 1796 4132 pugnavm
1817 4090 1898 4129 quo
1919 4078 2057 4130 proelio
2079 4079 2312 4118 vulneratus
2334 4077 2472 4129 paucis
2494 4077 2635 4118 dicbus
2651 4079 2741 4128 post
2756 4088 2866 4117 mor-

184 4137 279 4172 tuus
294 4135 367 4172 est.
387 4135 524 4184 Neque
542 4132 713 4183 denique
730 4133 840 4173 clade
857 4134 1025 4175 affectus
1037 4166 1048 4184 ,
1067 4136 1134 4176 sed
1157 4138 1320 4177 victoria
1338 4141 1486 4189 potitus
1501 4142 1573 4179 est.
1601 4140 1781 4179 Fortasse
1800 4139 1935 4177 tamen
1955 4147 2093 4187 agmen
2109 4137 2216 4188 quod
2235 4136 2428 4176 Galaestes
2443 4136 2614 4175 duxerat
2630 4135 2868 4175 Alexandri-

183 4201 343 4239 norum,
357 4191 518 4232 inferius
536 4190 678 4230 suerat.
698 4215 749 4225 -
762 4198 798 4233 2.
821 4193 1018 4233 παιδίον
1034 4193 1047 4244 ]
1069 4195 1295 4235 Secundum
1309 4199 1331 4236 J
1337 4199 1510 4237 ust²num
1526 4201 1555 4237 Χ
1568 4200 1752 4246 XXVIII,
1771 4201 1794 4237 8
1817 4198 2056 4237 Ptolemaeus
2073 4197 2317 4236 Philometor
2330 4195 2504 4236 moriens
2519 4195 2646 4235 filium
2660 4195 2872 4246 parvulum

184 4249 363 4298 reliquit,
381 4260 500 4299 quem
525 4250 705 4299 Physcon
726 4250 854 4301 primo
870 4252 1003 4291 statim
1030 4253 1133 4301 regni
1155 4263 1260 4292 anno
1279 4254 1327 4293 de
1350 4255 1483 4295 medio
1504 4257 1679 4296 sustulit.
1714 4258 1853 4304 Laecus
1873 4258 2012 4303 mitur
2041 4255 2118 4296 hoc
2134 4255 2245 4304 solo,
2275 4255 2356 4304 ait,
2387 4255 2502 4306 quod
2522 4258 2614 4294 sine
2637 4258 2874 4295 certamine

181 4300 440 4346 fraternum
452 4317 632 4356 reqnum
648 4310 885 4358 recepisset,
906 4310 950 4347 in
967 4309 1079 4360 quod
1099 4309 1334 4350 subornari
1351 4323 1377 4352 α
1395 4316 1536 4353 maere
1554 4315 1782 4365 Cleopatra
1795 4316 1835 4355 e!
1841 4313 2001 4364 favore
2008 4313 2430 4366 principumfratris
2433 4312 2585 4364 filium
2601 4316 2872 4363 σοῃηουενατ,
