3016 4628
994 274 1270 384 LEO
1342 268 2195 432 BYZANTIUS.

322 725 483 772 Suidas
509 742 519 769 :
548 723 715 784 Λέων,
750 724 999 780 Λέοντος,
1026 723 1338 783 Βυζάντιος,
1363 722 1534 792 φιλόσο-

258 815 331 860 φος
354 794 686 861 περιπατητικὸς
706 795 779 842 καὶ
799 795 1001 860 σοφιστής
1015 832 1030 857 ,
1054 793 1246 857 μαθητὴς
1273 794 1531 855 Πλάτωνος,

254 869 300 925 ἢ,
323 866 379 921 ὥς
394 887 525 924 τινες,
550 867 876 933 Ἀριστοτέλους.
896 866 1096 932 Ἔγραψε
1112 866 1165 913 τὰ
1180 864 1292 914 κατὰ
1312 865 1533 912 Φίλιππον

257 939 330 987 καὶ
348 939 399 987 τὸ
427 939 658 995 Βυζάντιον
682 939 857 1003 βιὸλίοις
881 939 936 1001 ζ’,
958 937 1288 1003 Τευθραντικὸν,
1312 937 1421 1002 Περὶ
1444 940 1535 994 Βη-

258 1012 400 1070 σαίου,
439 1011 526 1060 Τὸν
567 1012 678 1076 ἱερὸν
718 1011 924 1071 πόλεμον,
966 1010 1074 1071 Περὶ
1110 1009 1321 1072 στάσεων,
1358 1008 1412 1055 τὰ
1436 1010 1532 1055 κατ’

254 1082 542 1148 Ἀλέξανδρον.
568 1085 758 1147 (Eadem
781 1085 988 1129 Eudocia
1006 1100 1052 1144 p.
1078 1082 1204 1143 283.)

319 1148 456 1209 Οὗτος
495 1148 546 1212 ἦν
589 1154 751 1220 σφόδρα
795 1154 958 1218 παχύς·
998 1154 1071 1200 καὶ
1113 1151 1381 1219 πρεσὸεύσας
1425 1152 1531 1218 πρὸς

253 1228 494 1286 Ἀθηναίους
516 1226 682 1289 γέλωτα
720 1228 885 1283 ἐκίνησε
902 1262 917 1284 ,
943 1226 1015 1272 καὶ
1037 1230 1112 1284 τῆς
1135 1225 1363 1290 πρεσὸείας
1397 1225 1528 1290 ἐκρά-

251 1318 394 1358 τησεν,
422 1297 568 1355 ἐπειδὴ
589 1297 696 1345 πίων
718 1298 910 1363 ἐφαίνετο
926 1297 997 1344 καὶ
1012 1296 1205 1362 περιττὸς
1225 1295 1301 1354 τὴν
1321 1295 1527 1361 γαστέρα.

253 1372 497 1437 Ταραχθεὶς
532 1371 568 1418 ’δ’
612 1372 727 1419 οὐδὲν
767 1370 851 1416 ἀπὸ
887 1374 961 1417 τοῦ
994 1369 1201 1433 γέλωτος,
1239 1391 1258 1412 «
1298 1368 1378 1431 Τί,
1424 1368 1527 1433 ἔφη,

250 1434 286 1488 ὦ
320 1443 552 1501 Ἀθηναῖοι,
589 1445 765 1506 γελᾶτε;
791 1441 818 1499 ἢ
841 1439 903 1488 ὅτι
935 1439 1076 1504 παχὺς
1104 1439 1187 1503 ἐγὼ
1209 1439 1283 1486 καὶ
1309 1444 1526 1498 τοσοῦτος,

250 1514 384 1564 Ἔστι
409 1536 480 1577 μοι
501 1515 573 1563 καὶ
595 1515 699 1579 γυνὴ
717 1516 862 1579 πολλῷ
882 1513 1130 1578 παχυτέρα,
1149 1513 1223 1559 καὶ
1248 1516 1528 1574 ὁμονοοῦντας

252 1587 327 1651 μὲν
356 1592 470 1651 ἡμᾶς
497 1595 627 1652 χωρεῖ
654 1592 679 1643 ἡ
707 1586 851 1647 κλίνη,
889 1585 1209 1651 διαφερομένους
1235 1585 1278 1632 δὲ
1299 1586 1386 1634 οὐδ’
1415 1588 1442 1644 ἡ
1466 1587 1527 1633 οἷ-

250 1662 336 1710 κία.
363 1683 381 1702 υ
406 1661 493 1708 Καὶ
518 1663 574 1714 εἷς
591 1660 632 1706 ἓν
655 1654 780 1720 ἦλθεν
805 1663 825 1706 ὃ
848 1662 930 1710 τῶν
954 1657 1184 1717 Ἀθηναίων
1205 1659 1360 1721 δῆμος,
1388 1658 1529 1724 ἁρμο-

250 1733 359 1786 σθεὶς
401 1732 482 1779 ὑπὸ
518 1736 592 1779 τοῦ
634 1732 835 1791 Λέοντος,
866 1734 1001 1796 σοφῶς
1049 1731 1428 1796 ἐπισχεδιοίσαντος
1464 1734 1526 1797 τῷ

250 1807 402 1869 καιρῷ.
469 1798 602 1857 Οὗτος
627 1807 648 1850 ὃ
673 1798 792 1852 Λέων
818 1801 1157 1867 ἀποκ-ρουόμενος
1190 1801 1262 1850 τὸν
1302 1802 1526 1856 Φίλιππον

248 1876 335 1923 ἀπὸ
357 1881 430 1923 τοῦ
452 1876 681 1931 Βυζαντίου
701 1874 901 1933 διεὸλήθη
925 1874 1042 1940 παρὰ
1059 1874 1287 1923 Φιλίππου
1307 1876 1412 1941 πρὸς
1432 1874 1526 1931 τοὺς

249 1948 499 2004 Βυζαντίους
514 1950 566 1995 δι’
585 1949 809 2005 ἐπιστολῆς
829 1947 1009 2012 ἐχούσης
1033 1946 1165 2002 οὕτως
1179 1968 1189 1978 ·
1210 1971 1234 1997 «ε.
1256 1951 1312 1998 Ei
1334 1953 1526 1996 τοσαῦτα

247 2021 452 2085 χρήματα
473 2022 677 2085 παρεῖχον
695 2020 872 2082 Λέοντι,
900 2020 1037 2067 ὁπόσα
1063 2040 1116 2082 με
1140 2022 1285 2086 ᾐτεῖτο
1301 2059 1313 2081 ,
1338 2024 1387 2069 ἐκ
1405 2020 1524 2088 πρώ·

245 2114 321 2152 της
346 2093 394 2140 ἂν
422 2093 575 2141 ἔλαὸον
600 2093 648 2140 τὸ
669 2093 915 2149 Βυζάντιον.
951 2117 967 2137 υ
988 2097 1139 2143 Ταῦτα
1164 2095 1426 2150 ἀκούσαντος
1451 2100 1524 2144 τοῦ

244 2166 382 2227 δήμου
395 2165 468 2214 καὶ
484 2165 784 2220 ἐπισυστοίντος
799 2169 853 2230 τῇ
871 2165 984 2238 οἰκίᾳ
1004 2172 1078 2214 τοῦ
1096 2167 1297 2227 Λέοντος,
1325 2168 1526 2234 φοὸηθεὶς

244 2236 304 2299 μή
326 2256 416 2290 πως
435 2236 695 2291 λιθόλευστος
718 2237 820 2302 παρ’
839 2239 978 2285 αὐτῶν
997 2238 1199 2302 γένηται,
1227 2240 1376 2292 ἑαυτὸν
1401 2233 1522 2306 ἧγξε,

242 2310 373 2369 μηδὲν
396 2308 478 2355 ἀπὸ
500 2313 573 2366 τῆς
598 2309 745 2375 σοφίας
765 2310 839 2358 καὶ
865 2313 949 2358 τῶν
972 2311 1110 2376 λόγων
1135 2312 1353 2378 ’κερδάνας
1377 2316 1400 2360 ὁ
1430 2313 1517 2367 δεί-

241 2382 354 2432 λαιος
376 2382 444 2444 (*).
492 2387 496 2391 '

304 2455 469 2501 Idem:
498 2453 642 2501 Λέων
664 2492 676 2515 ,
704 2453 1098 2515 Ἀλαὸα-νδεύς,
1137 2455 1296 2522 ῥήτωρ.
1324 2456 1523 2524 Ἔγραψε

245 2528 441 2589 Καρικῶν
476 2526 619 2590 β-ιὸλία
652 2527 706 2586 δ’,
739 2526 940 2581 Λυκιακὰ
971 2527 1223 2594 ἐν,βι6λίοις
1254 2531 1316 2594 β’,
1334 2529 1521 2596 Τέχνην,

245 2597 350 2661 Περὶ
370 2596 579 2660 στάσεων,
607 2598 694 2646 Τὸν
715 2598 825 2663 ἱερὸν
852 2599 1039 2663 πόλεμον
1065 2600 1259 2651 Φωκέων
1283 2602 1358 2650 καὶ
1383 2605 1520 2651 Βοιω-

243 2672 326 2715 τῶν
350 2669 584 2731 (Θηὸαίων
607 2674 711 2719 cod.
739 2673 820 2735 E).
846 2675 1020 2719 Eadem
1037 2676 1247 2721 Eudocia
1268 2693 1316 2737 p.
1345 2678 1454 2724 281.

306 2743 652 2806 Ἰἐυθραντικόν]
695 2746 800 2792 cod.
822 2748 964 2794 Paris.
994 2751 1058 2805 A;
1093 2746 1338 2811 τεθρανικόν
1371 2753 1428 2808 V,
1451 2769 1524 2797 τυ·

243 2814 461 2875 υραντικόν
488 2820 542 2877 V,
568 2817 833 2880 τευθρανικόν
862 2821 1030 2880 reliqq.
1054 2846 1120 2855 —
1144 2819 1257 2885 Περὶ
1291 2820 1518 2886 Βησαίου]

243 2888 305 2930 sic
327 2886 420 2930 duo
442 2888 582 2934 codd.
598 2891 737 2934 Paris.
758 2893 856 2951 AV3
878 2893 1030 2936 omisit
1051 2900 1096 2937 et
1111 2894 1324 2937 lacunam
1336 2894 1521 2940 indica-

244 2959 309 3001 vit
325 2960 382 3015 E;
404 2961 569 3018 reliqui
590 2976 600 3006 :
626 2960 733 3023 Περὶ
766 2962 983 3018 Βησάλου.
1007 2985 1025 3003 «
1048 2966 1154 3010 Sine
1179 2965 1326 3010 dubio
1351 2982 1521 3012 corru-

243 3039 389 3087 ptum.
414 3033 635 3076 Meursius
657 3034 800 3081 Gloss.
821 3036 1077 3083 Gru-barb.
1102 3053 1151 3085 v,
1183 3034 1404 3095 Βήσαλον,
1428 3055 1517 3085 scr.

249 3101 355 3163 Περὶ
381 3101 605 3164 βησάλων,
633 3106 793 3167 insigni
824 3123 1005 3165 errore,
1034 3126 1057 3153 a
1089 3126 1183 3170 quo
1208 3127 1294 3156 nec
1331 3114 1521 3157 Ducan-⁴

245 3176 344 3234 gius
357 3177 475 3219 cavit
491 3177 537 3218 in
556 3177 700 3221 Gloss.
723 3179 846 3225 med.
867 3190 911 3224 et
923 3181 1006 3227 inf.
1025 3182 1126 3238 Gr.,
1150 3184 1279 3242 quasi
1306 3180 1516 3245 βήσαλον,

246 3254 398 3290 ortum
416 3263 438 3290 a
453 3248 592 3291 latino
605 3249 801 3307 bes-salis,
820 3266 871 3295 ea
885 3252 1035 3304 lateris
1051 3257 1170 3301 cocti
1187 3254 1522 3316 significatione

299 3381 349 3429 (Ἴ
369 3381 431 3420 Cf.
445 3381 639 3420 Plutarch.
656 3384 754 3422 Mor.
769 3394 806 3433 1).
823 3388 912 3434 804,
929 3388 959 3426 C
976 3387 1042 3428 :²0
1054 3388 1252 3434 Βυζάντιος
1266 3389 1378 3429 Λέων
1390 3390 1463 3439 ἧκε
1474 3392 1521 3439 δή

246 3451 336 3477 ποτε
368 3443 445 3483 τοῖς
471 3439 679 3484 Ἀθηναίοις
714 3442 962 3487 στασιάζουσι
997 3446 1256 3496 διαλεξόμενος
1272 3462 1281 3471 ·
1321 3449 1444 3498 ὀφθεὶς
1479 3451 1520 3489 δὲ

247 3498 376 3547 μικρὸς
391 3498 455 3535 καὶ
472 3498 662 3545 γελασθεὶς
678 3526 687 3543 ,
708 3499 753 3537 Τί
774 3500 840 3548 δὴ,
866 3501 982 3550 εἶπεν,
1005 3504 1037 3542 εἰ
1059 3506 1127 3550 τὴν
1151 3507 1316 3553 γυναῖκά
1335 3522 1410 3558 μου
1434 3508 1520 3548 θεά·

246 3555 380 3592 σαισθε
397 3554 501 3603 μόλις
524 3554 781 3604 ἐξικνουμένην
803 3559 893 3607 πρὸς
908 3560 951 3598 τὸ
971 3561 1083 3611 γόνυ;
1105 3565 1252 3604 Πλείων
1275 3566 1342 3604 οὖν
1360 3567 1511 3617 ἐγένετο

247 3612 365 3659 γέλως
381 3625 391 3633 ·
414 3610 507 3650 Ἀλλ’
518 3613 617 3661 ἡμᾶς
630 3640 640 3659 ,
665 3612 734 3662 ἔφη
749 3644 760 3662 ,
780 3618 932 3665 μικροὺς
950 3619 1070 3664 οὕτως
1092 3620 1216 3669 ὄντας,
1234 3624 1325 3670 ὅταν
1338 3626 1520 3677 διαφερώ·.

247 3670 342 3717 μεθα
360 3670 450 3719 πρὸς
468 3669 647 3715 ἀλλήλους
673 3672 696 3716 ἡ
715 3672 923 3716 Βυζαντίων
943 3675 1050 3722 πόλις
1069 3678 1113 3717 οὐ
1129 3684 1260 3733 χωρεῖ.

298 3725 406 3765 fldem
430 3735 468 3775 p.
490 3728 563 3766 03³
578 3755 587 3773 ,
609 3728 639 3765 C
667 3742 674 3764 :
705 3729 813 3767 Λέων
838 3732 859 3769 ὁ
884 3732 1102 3781 Βυζάντιος,
1122 3735 1291 3785 εἰπόντος
1316 3740 1517 3780 Πασιάδου

245 3785 338 3833 πρὸς
358 3783 491 3831 αὐτὸν,
507 3783 805 3833 ὀφθαλμισθῆναι
830 3788 875 3827 δι’
895 3789 1012 3832 αὑτοῦ
1037 3792 1122 3837 τοὺς
1142 3793 1374 3847 ὀφθαλμοὺς,
1398 3797 1518 3838 Ἀσθέ-

246 3852 361 3886 νιιαν,
391 3840 482 3889 ἔφη,
514 3841 692 3890 σώματος
721 3843 927 3893 ὀνειδίζεις,
955 3848 1105 3897 νέμεσιν
1130 3852 1200 3902 οὐχ
1229 3855 1325 3905 ὁρῶν
1353 3856 1414 3894 ἐπὶ
1442 3861 1517 3894 τῶν

247 3898 363 3944 ὡμων
390 3897 625 3946 βαστάζοντά
650 3912 720 3938 σου
735 3901 799 3939 τὸν
821 3902 902 3941 υἱόν
918 3913 926 3922 ·
948 3904 1027 3954 εἶχε
1051 3907 1089 3945 δὲ
1114 3911 1247 3959 κυρτὸν
1272 3913 1300 3954 ὀ,
1318 3913 1518 3959 Πασιάδης

247 3955 341 3992 υἱόν,
364 3953 648 4004 [Ἀνορώπινοῃ
669 3957 757 4006 ἔφη,
780 3959 895 4002 πάθος
914 3960 1098 4006 ὀνειδίζεις
1113 3993 1123 4011 ,
1142 3966 1201 4005 ἐπὶ
1225 3974 1292 4008 τοῦ
1308 3971 1432 4010 νώτου
1451 3973 1516 4022 φέ·

247 4023 320 4059 ρων
340 4014 406 4052 τῆν
426 4014 589 4062 νέμεσιν,
604 4013 707 4054 idem
725 4025 763 4066 p.
784 4021 847 4066 88,
868 4017 938 4069 R]

300 4068 406 4108 Idem
427 4071 505 4109 Vit.
534 4069 652 4110 Nicia:
673 4083 707 4111 c.
733 4078 781 4113 22
802 4090 811 4112 ι
829 4075 874 4113 ‘O
888 4075 1083 4122 Βυζάντιος
1094 4081 1202 4119 Λέων
1225 4084 1306 4123 εἷπε
1322 4086 1411 4135 πρὸς
1431 4088 1516 4132 τοὺς
1553 4124 1557 4136 ,

248 4128 384 4165 ἑαυτοῦ
405 4128 581 4172 πολίτας·
617 4146 632 4161 «¹
670 4132 859 4182 Βούλομαι
889 4136 959 4185 γὰρ
987 4137 1125 4184 μᾶλλον
1157 4139 1216 4188 ὑφ’
1253 4144 1358 4189 ὑμῶν
1380 4146 1403 4190 ἢ
1434 4146 1514 4194 μεθ’

248 4189 351 4230 υμῶν
368 4185 576 4225 ἀποθανεῖν.
602 4204 616 4218 υ

1606 725 1775 769 Graecis
1793 739 1889 783 quo
1907 733 2119 782 tempore
2128 723 2243 768 vixit
2257 725 2355 769 Leo
2374 725 2483 785 Byz.
2506 725 2662 774 fuisset
2677 736 2854 773 notum.
2870 744 2897 765 r

1608 793 2021 839 Hzmsrmmusms.
2066 813 2087 834 «
2131 795 2352 855 Suspicor
2374 795 2555 844 latitare
2578 798 2759 845 nomen'
2776 798 2900 859 regis
2958 812 2962 846 ,ἓ

1606 862 1868 928 Βηρισάδου.
1892 886 1909 905 υ
1931 864 2294 913 Bssnmunmms.
2323 867 2558 927 Perbene3
2579 881 2708 916 certe
2722 871 2900 931 optime

1605 938 1696 981 hoc
1733 947 2061 998 argumentum
2097 939 2223 984 cadit
2258 941 2310 984 in
2347 949 2587 987 auctorem
2625 943 2897 1004 Byzantium

1610 1007 1760 1070 (Vide
1820 1009 1879 1054 de
1922 1010 2141 1055 Berisade
2178 1012 2261 1056 illo
2302 1013 2441 1057 Ponti
2474 1029 2586 1076 rege
2622 1014 2900 1061 Athenaeum

1605 1082 1808 1141 V111‚p.
1851 1080 1968 1141 349,
1999 1084 2068 1138 D;
2107 1083 2470 1137 Demosthenem
2497 1101 2550 1146 p.
2576 1086 2699 1144 6243
2725 1089 2902 1133 Dinar-

1605 1153 1745 1197 chum
1790 1169 1840 1212 p.
1880 1152 1965 1212 95,
2015 1154 2093 1202 36.
2133 1156 2190 1199 ln
2222 1157 2376 1201 numis
2420 1166 2467 1202 et
2514 1158 2899 1219 inscriptionibus

1603 1241 1779 1270 nomen
1795 1234 1862 1270 est
1880 1224 2168 1291 Παιρισάδης.
2186 1229 2243 1275 V.
2262 1229 2456 1275 Boeckh.
2480 1230 2589 1278 (LI.
2612 1232 2684 1289 ΙΙ,
2702 1224 2893 1293 p'.·92.)

1604 1298 1736 1342 Licet
1759 1304 1914 1342 tamen
1949 1300 2069 1344 tueri
2093 1299 2342 1344 lectionem
2375 1318 2427 1347 π.
2456 1300 2674 1362 Βησαίους
2697 1303 2894 1363 intelligi
2959 1317 2961 1319 ’
2995 1291 3002 1325 ³

1601 1377 1755 1426 potest
1792 1371 2019 1430 scriptum
2050 1374 2122 1416 De
2147 1373 2339 1417 oraculo
2366 1375 2516 1431 Besae,
2540 1375 2638 1420 deae
2667 1375 2898 1436 AEgyptiae

1606 1437 1682 1499 (de
1707 1457 1802 1500 quo
1831 1443 1937 1488 vide
1955 1445 2105 1489 Vales.
2133 1443 2194 1489 ad
2213 1446 2448 1494 Ammian.
2469 1448 2729 1495 Marcellin.
2751 1447 2892 1507 XIX,

1609 1527 1664 1556 12
1686 1512 1729 1573 ),
1753 1529 1855 1573 quae
1887 1516 1938 1559 in
1970 1517 2083 1560 Besa
2104 1516 2224 1562 urbe
2250 1516 2445 1579 (postea
2471 1519 2781 1580 Antinoopoli
2810 1529 2923 1580 ap—‘
2958 1579 2961 1583 Δ

1599 1586 1771 1645 pellata
1792 1586 1879 1650 est)
1903 1588 2160 1635 colebatur.
2174 1614 2238 1624 --
2255 1588 2367 1654 Περὶ
2386 1587 2608 1648 στάσεων]
2634 1607 2731 1637 om.
2750 1593 2806 1639 E.
2831 1607 2899 1626 —-‘
2954 1586 2956 1590 ⁷

1601 1649 1720 1710 οὗτος
1735 1649 1842 1716 ἦν...
1864 1660 2029 1724 καιρῷ]
2050 1663 2309 1708 Fluxerunt
2330 1665 2431 1710 haec
2453 1679 2479 1709 e
2504 1665 2774 1711 Philostrat.
2797 1665 2892 1712 vit.
2952 1712 2954 1714 .
2995 1660 3000 1704 Ῐ

1603 1731 1812 1791 Sophist.
1831 1734 1868 1789 l,
1896 1748 2000 1793 2,p.
2032 1733 2144 1787 485.
2170 1761 2228 1769 —-
2248 1733 2340 1782 Καὶ
2360 1737 2438 1793 τ’ἠς
2458 1732 2692 1802 πρεσὸείας
2707 1733 2896 1805 ἐκρᾶτῃῇ·

1603 1802 1708 1865 σεν]
1741 1824 1762 1846 α
1789 1807 1898 1850 Haec
1926 1807 2230 1853 Philostratus
2262 1810 2471 1878 ignorat,
2508 1825 2610 1870 quae
2636 1810 2722 1855 sub
2754 1808 2897 1856 finem
2936 1820 2939 1821 ’

1601 1879 1881 1923 narrationis
1914 1881 2119 1937 oportuit
2153 1881 2391 1928 collocari.
2429 1902 2450 1924 »
2490 1872 2801 1930 Bniznmnnx.
2829 1907 2896 1928 -.—-

1603 1946 1963 2014 Ἀποκρουόμενος
2010 1950 2110 1999 κτλ.
2138 1950 2157 2013 ]
2197 1950 2454 2004 Historiam
2496 1953 2690 2000 uberius
2712 1961 2898 2015 ¹narrat
2935 1970 2938 1971 ⁷

1603 2023 1856 2082 Hesychius
1896 2025 2099 2069 Milesius
2117 2027 2189 2070 De
2228 2025 2522 2074 Constantia.
2563 2029 2695 2089 Orig.
2733 2029 2761 2089 §
2801 2027 2892 2085 26,
2958 2036 2959 2039 ’

1600 2109 1650 2158 p.
1684 2100 1746 2155 49
1770 2111 1839 2154 sq,
1874 2095 1944 2142 Cf.
1977 2097 2199 2157 Stephan.
2230 2099 2338 2157 Byz.
2374 2114 2421 2146 v,
2455 2095 2704 2162 Βόσπορος,
2730 2101 2895 2152 Eusta-

1600 2168 1728 2217 thius,
1746 2167 1806 2212 ad
1822 2169 2015 2228 Dionys.
2035 2170 2142 2217 Per.
2174 2174 2264 2223 140
2289 2180 2410 2218 extr.

1667 2242 1772 2284 Jam
1814 2241 1851 2285 si
1884 2242 1970 2285 sub
2006 2257 2203 2287 examen
2243 2243 2482 2288 vocaveris
2520 2239 2741 2290 Suidian'a
2770 2245 2895 2303 haec,
2931 2261 2938 2274 ⁴·

1598 2313 1733 2358 facile
1748 2314 2030 2362 intellexeris
2041 2316 2225 2360 misceri
2244 2317 2522 2378 incongrua.
2541 2315 2754 2362 Primum
2771 2319 2895 2365 enim
2938 2332 2942 2378 ζ

1597 2394 1726 2447 patet
1759 2387 1988 2431 Leontem
2022 2387 2354 2447 Byzantiorum
2392 2389 2704 2451 demagogum
2734 2400 2783 2435 et
2816 2406 2896 2454 so·-
2932 2421 2951 2452 ⁶.

1596 2459 1797 2518 phistam
1809 2493 1822 2515 ‚
1850 2460 1933 2518 qui
1955 2475 2078 2506 anno
2102 2460 2196 2514 340
2215 2477 2257 2509 a.
2275 2461 2329 2509 C.
2357 2463 2500 2507 vitam
2518 2461 2770 2523 suspendio
2787 2461 2918 2511 fini-s

1595 2531 1683 2587 vit,
1704 2530 1937 2575 diversum
1953 2546 2046 2576 esse
2059 2532 2118 2577 ab
2142 2548 2200 2578 eo
2224 2535 2307 2593 qui
2321 2548 2394 2582 res
2405 2534 2610 2594 Philippi
2625 2542 2672 2580 et
2693 2535 2911 2583 Alexam.

1597 2601 1673 2646 dri
1700 2602 1845 2647 literis
1861 2603 2071 2649 tradidit.
2095 2605 2174 2650 Ad
2197 2600 2514 2667 demagogum
2528 2607 2662 2651 illum
2687 2608 2892 2667 pertinet
2936 2649 2938 2652 ,

1596 2675 1730 2718 Plato
1753 2677 1988 2735 magister,
2021 2678 2092 2721 uti
2116 2687 2246 2738 patet
2276 2694 2301 2723 e
2327 2679 2612 2724 Philostrato.
2628 2680 2719 2726 Vit.
2741 2681 2889 2741 Soph.

1595 2749 1618 2791 1
1632 2782 1645 2803 ‚
1667 2762 1711 2803 2,
1726 2762 1774 2807 p.
1796 2745 1889 2800 [285
1911 2746 1997 2809 (ex
2014 2764 2110 2809 quo
2129 2751 2329 2796 hausisse
2346 2751 2510 2796 Suidas
2523 2752 2761 2811 putandus
2776 2749 2864 2816 est)
2878 2786 2894 2811 5

1596 2820 1679 2878 qui
1707 2819 1925 2879 juvenem
1960 2822 2184 2867 Leontem
2214 2823 2412 2868 audiisse
2451 2825 2693 2868 Platonem
2728 2825 2888 2877 refert.

1595 2891 1730 2937 Idem
1750 2908 1808 2937 ex
1824 2894 2062 2939 Plutarchi
2080 2896 2307 2942 Phocion.
2327 2911 2368 2942 e.
2388 2900 2444 2948 14
2461 2904 2613 2955 patet,
2629 2896 2712 2940 ubi
2733 2911 2745 2943 t
2766 2894 2890 2943 Λέων

1599 2963 1693 3025 (sic
1716 2965 1857 3013 scrib.
1888 2981 1982 3026 prov
2001 2982 2078 3027 vg.
2108 2962 2290 3030 Κλέων)
2316 2964 2426 3031 ἀνὴρ
2456 2963 2703 3022 Βυζαντίων
2724 2970 2890 3032 πρῶτος

1597 3036 1727 3100 ἀρετῇ
1755 3035 1830 3083 καὶ
1858 3040 1920 3101 τῷ
1945 3036 2153 3085 Φωκίωνι
2177 3038 2360 3102 γεγονὼς
2388 3040 2431 3085 ἐν
2458 3037 2726 3104 Ἀκαδημείᾳ
2757 3040 2891 3107 συνή-

1596 3110 1687 3165 θης.
1711 3110 1939 3170 Idemque
1962 3111 2092 3156 haud
2115 3111 2258 3156 dubie
2286 3121 2352 3156 est
2377 3129 2483 3157 cum
2503 3115 2683 3158 Leonte
2701 3113 2891 3159 Acade-

1596 3183 1719 3233 mico
1748 3183 2060 3243 philosophe,
2088 3185 2163 3231 cui
2186 3185 2443 3245 Alcyonem
2464 3185 2704 3246 dialogum
2733 3187 2891 3235 Plato-

1595 3255 1754 3299 nicum
1781 3255 2084 3302 vindicabant
2121 3257 2274 3301 Nicias
2313 3258 2440 3317 apud
2478 3258 2754 3311 Athenaeum
2786 3259 2885 3315 xl,

1595 3342 1643 3386 p.
1677 3325 1796 3383 503,
1822 3328 1882 3384 C,
1909 3337 1958 3373 et-
1973 3329 2236 3374 Favorinus
2265 3330 2393 3389 apud
2413 3331 2676 3391 Diogenem
2706 3332 2764 3377 L.
2788 3331 2885 3392 111,

1597 3399 1677 3446 62.
1697 3399 1838 3457 Quod
1863 3399 2035 3445 deinde
2061 3401 2362 3446 Aristotelem
2389 3403 2577 3459 attinet,
2608 3417 2707 3447 non
2733 3402 2888 3463 potuit

1595 3471 1633 3514 is
1663 3473 1855 3516 Leontis
1889 3472 2136 3534 demagogi
2165 3475 2385 3534 magister
2419 3484 2533 3521 esse.
2563 3475 2712 3535 Igitur
2743 3475 2886 3538 verba

1595 3542 1930 3606 περιπατητικὸς
1951 3553 1996 3589 et
2013 3542 2208 3605 μαθητὴς
2227 3542 2540 3609 Ἀριστοτέλους
2555 3546 2886 3609 simplIcissime

1593 3605 1861 3661 referuntur
1883 3616 1944 3661 ad
1973 3617 2247 3662 histor-lcum
2271 3626 2513 3674 nostrum3
2543 3617 2626 3677 qui
2647 3618 2760 3662 item
2782 3617 2885 3672 fue·¹

1594 3687 1654 3736 rit
1676 3687 1934 3747 Byzantius.
1959 3687 2222 3747 (Frequens
2241 3690 2368 3741 enim⁴
2389 3689 2521 3749 apud„
2533 3689 2778 3749 Byzantios
2794 3705 2881 3741 no,-

1592 3774 1703 3812 men,
1730 3760 1935 3804 Leontis.
1957 3758 1971 3820 )
1998 3761 2068 3805 De
2091 3760 2185 3804 vita
2209 3759 2305 3818 ejus
2327 3762 2445 3806 nihil
2467 3761 2689 3810 traditum
2698 3754 2882 3823 accepi}-

1592 3847 1708 3876 mus.
1746 3833 1953 3877 Fortasse
1978 3841 2065 3877 est
2095 3833 2226 3877 Leon
2267 3830 2476 3878 Melantae
2516 3841 2563 3878 et
2584 3833 2909 3886 Pancreontis

1592 3913 1750 3963 pater,
1787 3903 1917 3962 cujus
1958 3904 2007 3947 in
2048 3912 2320 3948 testamento
2351 3905 2675 3965 Theophrastae
2705 3907 2880 3955 mentio

1590 3974 1644 4020 fit
1663 3974 1827 4034 (Diog.
1853 3977 1909 4020 L.
1934 3977 1990 4030 V,
2018 3973 2132 4035 51).

1656 4049 1726 4091 Ex
1760 4047 2007 4106 operibus,
2038 4042 2139 4105 quae
2167 4047 2293 4106 apud
2322 4047 2512 4092 Suidam
2541 4047 2899 4102 memorantur.

1592 4119 1700 4168 libri
1720 4127 1894 4178 septem
1930 4119 2000 4163 De
2030 4119 2149 4163 bello
2172 4120 2294 4178 quod
2314 4119 2562 4179 Philippus
2592 4129 2750 4164 contra
2776 4121 2850 4178 By

1594 4195 1770 4238 zante'os
1791 4195 1954 4249 gessit,
1986 4190 2093 4235 libri
2129 4192 2194 4234 De
2226 4192 2344 4242 bello
2367 4206 2498 4237 sacro
2519 4195 2612 4237 siue
2634 4191 2836 4237 Phoc-ico
2852 4216 2896 4252 ³²¹.

2966 567 2970 574 .
2970 372 2974 379 ,
2970 353 2978 356 ,
2966 298 2973 311 ι,
2965 237 2968 243 -
2973 175 2975 179 ,
2963 155 2967 158 ·
2971 112 2979 127 ,1
2971 91 2973 93 .

2991 1132 3000 1142 r
2993 1078 3000 1115 rm„
2990 626 3001 1070 ...1-„..1=-w.-.rv-.--m«--n--wr.-v‹w
2988 399 2998 617 «mn-wma-nw-—m-v
2988 378 2995 389 n
2998 229 2999 234 „
2990 183 2999 217 4„
2987 121 2999 166 ιη’]
2987 85 2991 92 -
2996 38 2997 41 „
