3016 4628
216 290 302 331 344
699 268 1123 322 MENECRATES
1157 263 1538 323 0LYNTH1US‚
1573 262 1822 322 TYfflUS,
1861 256 2221 329 NYSAENSlS.

448 408 843 456 MENECRATES
878 404 1245 453 OLYNTHIUS.

826 511 870 555 5.

270 607 467 654 Bekker.
495 605 675 652 Anecd.
691 620 740 665 p.
765 604 876 661 782,
903 618 959 662 19
978 587 1249 654 :shown-{2202
1274 595 1327 643 τὰ
1347 594 1491 659 γράμ-

208 697 325 740 ματα
356 674 655 740 ἐλέγοντο,ὥς
680 692 865 741 φησιν...
893 669 1081 735 Ἄνδρων
1110 669 1184 716 καὶ
1216 666 1494 731 Μενεκράτης
1567 662 1662 722 γῆν.
1714 655 1984 721 [Ἀθάμαντι
2031 650 2076 698 δὲ
2114 648 2276 713 ’μανίαν
2324 647 2586 711 ἐμὸαλόντες
2630 646 2710 706 τὴν
2766 646 2866 698 Ἰνὼ
2994 701 2998 714 Ἀ

206 754 229 797 6
267 746 607 803 Ὀλύνθιοςάπδ
642 745 850 803 Φοινίκης
885 747 960 801 τῆς
994 741 1235 794 Ἀκταίονος
1270 736 1491 802 θυγατρός.

206 825 276 870 De
300 826 363 872 Μ.
386 823 608 883 Olynthio
627 820 815 867 aliunde
839 834 934 863 non
957 825 1146 862 constat.
1168 817 1290 860 Num
1306 813 1494 859 fortasse

207 904 305 942 erat
345 897 410 944 Μ.
447 896 470 940 6
495 891 682 945 Λύκιοςῐ)
707 892 918 938 Ceterum
954 889 1218 934 Phoenicem
1261 882 1494 944 quendam

209 983 235 1012 e
254 969 378 1028 Tyro
402 968 710 1012 Menecratem
732 969 958 1007 memorat
978 959 1227 1005 Zenobius.

514 1073 639 1118 ΜΕΝ
646 1070 911 1117 ECRATES
949 1065 1189 1111 TYRIUS.

826 1160 869 1206 6.

274 1250 451 1298 Zenob.
492 1253 570 1306 IV,
607 1249 665 1294 38
698 1263 708 1295 :
745 1245 906 1298 Ἰνοῦς
939 1243 1046 1307 ἄχη
1075 1258 1085 1289 :
1124 1240 1219 1290 Ἰνὼ
1250 1243 1276 1297 ἦ
1310 1237 1492 1301 Κάδμου

209 1326 467 1369 συνελθοῦσα
491 1320 721 1381 Ἀθάμαντι
751 1316 823 1363 δύο
860 1316 1054 1378 ἐγέννησε
1085 1313 1263 1369 παῖδας,
1294 1310 1492 1386 ῥέαρχον

208 1394 282 1440 καὶ
310 1392 601 1456 Μελικέρτην,
621 1391 691 1438 καὶ
717 1387 925 1453 θυγατέρα
951 1386 1230 1451 Εὐρύκλειαν.
1254 1387 1385 1432 Οὗτοι
1409 1382 1491 1429 ὑπὸ

209 1464 469 1526 Ἀθάμαντος
491 1461 691 1525 μανέντος
727 1459 1105 1515 κατετοξεύθησαν.
1140 1454 1265 1504 Μετὰ
1286 1454 1328 1502 δὲ
1355 1457 1490 1502 Μελι-

208 1537 359 1601 κέρτου
386 1541 413 1594 ἡ
436 1534 536 1584 Ἰνὼ
556 1534 721 1600 ἔρριψεν
750 1532 903 1590 ἑαυτὴν
928 1532 984 1584 εἷς
1009 1528 1082 1586 τὴν
1107 1528 1210 1593 πρὸς
1229 1530 1290 1591 τῷ
1321 1529 1491 1575 Μολου-

210 1610 287 1674 ρίῳ
313 1608 550 1656 θάλασσαν.
580 1607 667 1656 Καὶ
693 1605 769 1663 τὴν
795 1606 870 1668 μὲν
889 1606 946 1657 εἷς
972 1602 1154 1665 Μέγαρα
1177 1598 1489 1665 προσδρασθεῖ·

210 1700 288 1727 σαν
318 1682 533 1744 Μεγαρεῖς
564 1677 807 1740 ἀνελόμενοι
834 1675 906 1723 καὶ
940 1675 1181 1725 πολυτελῶς
1208 1671 1492 1729 κηδεύσαντες

210 1754 416 1802 ἐκάλεσαν
437 1752 671 1802 Λευκοθέαν
686 1772 695 1782 ·
713 1752 784 1799 τὸν
805 1749 847 1798 δὲ
874 1753 930 1803 εἷς
949 1749 1152 1813 Κόρινθον
1175 1746 1389 1811 Κορίνθιοι
1414 1748 1492 1793 oci-

209 1831 363 1893 ψαντες
375 1825 642 1890 Μελικέρτην
665 1824 837 1887 ἄγουσιν
853 1822 1045 1887 ἐπάὐτῷ
1070 1823 1213 1883 ἀγῶνα
1225 1818 1278 1866 τὰ
1292 1817 1487 1882 Ἴσθμια.

211 1900 294 1949 Διὰ
318 1900 367 1957 δὴ
386 1903 522 1946 ταῦτα
548 1898 712 1964 εἴρηται
733 1897 863 1950 Ἰνοῦς
889 1894 991 1960 ἄχη..
1042 1893 1167 1958 Ἄχος
1183 1893 1266 1958 γὰρ
1292 1896 1318 1950 ἡ
1342 1891 1456 1951 λύπη
1476 1930 1488 1951 ,

212 1977 382 2037 ἀχανεῖς
403 1975 579 2017 ποιοῦσα
604 1970 697 2023 τοὺς
721 1972 862 2022 κακῶς
884 1967 1110 2020 παθόντας.
1181 1967 1333 2014 Ταῦτα
1354 1964 1395 2012 δὲ
1415 1968 1490 2023 δη-

210 2044 339 2091 λώσει
356 2043 428 2090 καὶ
449 2042 722 2106 Μενεκράτης
740 2044 762 2088 6
779 2040 932 2106 Τύριος
959 2040 969 2104 (
991 2043 1013 2086 6
1037 2037 1266 2102 ΛύκιοςΡ).
1295 2038 1490 2087 Πέπονθε

213 2116 256 2162 δὲ
277 2115 407 2168 οὕτως
432 2115 529 2162 Ἰνὼ
558 2115 612 2161 δι’
640 2114 777 2161 αἰτίαν
803 2113 942 2171 τήνδε,
972 2111 1156 2174 Ἀθάμας
1180 2110 1385 2178 πρότερον
1420 2131 1494 2175 γυ-

207 2191 334 2235 ναῖκα
353 2185 546 2250 ἐσχηκὼς
571 2186 783 2252 Νεφέλην,
811 2184 883 2232 δύο
907 2186 1062 2238 παῖδας
1080 2187 1127 2232 ἐκ
1147 2184 1306 2243 ταύτης
1324 2183 1492 2241 ’Έλλην

208 2260 279 2306 καὶ
298 2258 455 2323 Φρίξον
477 2260 712 2321 ἐγέννησεν.
785 2257 1098 2315 Ἀποθανούσης
1119 2256 1163 2303 δὲ
1185 2260 1260 2314 τῆς
1276 2255 1491 2322 Νεφέλης,

208 2324 404 2388 δευτέραν
429 2325 615 2387 ἠγάγετο
641 2326 820 2387 γυναῖκα
854 2322 978 2372 Ἰνώ·
1013 2322 1104 2380 ἥτις
1145 2322 1493 2390 ἐπιδουλεύσασα

208 2398 294 2451 τοῖς
319 2400 393 2455 τῆς
413 2394 607 2461 Νεφέλης
634 2396 780 2455 παισὶ,
801 2395 1036 2462 παρέπεισε
1062 2395 1138 2449 τὰς
1160 2398 1245 2443 τῶν
1273 2396 1493 2462 ἐγχωρίων

207 2476 411 2534 γυναῖκας
436 2475 605 2535 φρυγεῖν
627 2469 680 2516 τὰ
705 2468 950 2533 σπέρματα.
977 2467 1033 2517 Ἡ
1054 2472 1110 2532 γῆ
1132 2467 1174 2515 δὲ
1196 2467 1493 2534 πεφρυγμένον

208 2542 279 2590 τὸν
313 2540 465 2606 σπόρον
500 2539 710 2604 δεχομένη
742 2540 930 2606 καρποὺς
963 2541 1156 2598 ἐτησίους
1177 2542 1253 2588 οὐκ
1279 2540 1488 2590 ἀνεδίδου.

212 2613 395 2678 Πέμψας
425 2604 495 2660 οὖν
532 2615 587 2666 εἷς
611 2612 798 2679 Δελφοὺς
826 2617 848 2660 6
871 2612 1057 2676 Ἀθάμας
1081 2613 1181 2678 περὶ
1208 2617 1285 2672 τῆς
1317 2613 1495 2680 ἀφορίας

211 2684 475 2733 ἐπυνθάνετο.
507 2684 666 2748 Δώροις
691 2685 734 2732 δὲ
767 2685 955 2733 πείσασα
984 2685 1082 2734 Ἰνὼ
1103 2686 1197 2741 τοὺς
1222 2687 1494 2751 πεμφθέντας

212 2759 386 2805 ὑπέθετο
409 2760 546 2810 αὐτοῖς
571 2760 700 2804 εἰπεῖν
722 2758 1055 2824 ὑποστρέψασιν,
1074 2763 1129 2814 ὡς
1151 2761 1314 2807 ἀνεῖλεν
1332 2763 1354 2808 6
1375 2762 1466 2816 θεὸς
1481 2798 1492 2820 ,

210 2827 379 2887 ’Έλλην
405 2829 478 2876 καὶ
501 2827 658 2895 Φρίξον
684 2836 998 2897 σφαγιασθῆναι
1013 2870 1024 2890 ,
1047 2835 1084 2879 εἷ
1107 2834 1266 2880 θέλοιεν
1288 2835 1492 2880 ἀπαλλα-

212 2903 291 2964 γὴν
314 2906 389 2959 τῆς
406 2901 579 2966 ἀφορίας
605 2902 787 2951 ἔσεσθαι.
816 2904 1014 2958 Πεισθεὶς
1032 2897 1102 2952 οῧν
1127 2908 1148 2952 6
1171 2904 1356 2967 Ἀθάμας
1379 2904 1498 2954 ’Ἐλ-

213 2978 291 3032 λην
319 2974 391 3022 καὶ
417 2974 574 3040 Φρίξον
600 2978 661 3040 τῷ
685 2980 818 3042 βωμῷ
847 2977 1134 3043 παρέστησεν.
1171 2978 1285 3026 Ἀλλ’
1314 2978 1496 3033 ἐκείνους

828 3119 871 3159 5.

269 3227 478 3265 l'hceniciw
500 3228 620 3266 literae
645 3228 829 3268 dicuntur
860 3231 1075 3270 secundum
1102 3233 1327 3273 Andronem
1347 3234 1388 3273 et
1414 3235 1499 3272 Me-

217 3293 414 3331 necrutem
435 3291 692 3341 Olynthium(
709 3296 873 3343 Lycium
888 3298 924 3344 ᾗ)
941 3306 963 3334 a
983 3296 1168 3337 Phoenice
1183 3298 1383 3338 Actaeonis
1403 3296 1496 3337 lilia.

799 3396 847 3435 ’6.

274 3499 373 3534 tuus
408 3506 626 3535 oerumnoe.
664 3500 753 3546 lno,
790 3500 926 3540 Cadmi
956 3502 1033 3542 lilia
1050 3534 1061 3553 ,
1096 3505 1321 3545 Athamanti
1349 3506 1500 3557 peperit

219 3560 320 3597 «lucis
341 3569 504 3608 pueros,
525 3561 742 3600 Learchum
766 3564 804 3601 et
820 3565 1065 3616 Melicerten,
1085 3570 1204 3619 atque
1224 3569 1345 3609 filiam
1370 3573 1498 3621 Eury-

218 3623 355 3661 clvam.
377 3623 574 3663 Learchus
603 3627 642 3663 et
662 3627 848 3676 Euryclea
878 3639 900 3666 a
917 3632 1026 3679 patre
1044 3632 1196 3672 furente
1211 3633 1361 3683 sagittis
1384 3633 1499 3674 inter·

218 3687 308 3726 freti
326 3690 417 3727 sunt
431 3702 441 3736 ;
456 3699 547 3727 cum
569 3690 763 3730 Melicerte
786 3695 918 3732 aulem
937 3698 1004 3733 lno
1026 3696 1062 3734 in
1084 3708 1204 3747 mare,
1222 3699 1331 3749 quod
1349 3700 1399 3739 ad
1419 3703 1503 3740 Mo-

220 3750 365 3790 lurium
382 3753 461 3801 est,
491 3752 729 3802 praecipitem
747 3765 787 3792 se
803 3755 921 3796 dedit.
940 3763 994 3797 Ac
1013 3762 1171 3799 lnonem
1189 3763 1346 3812 quidem
1360 3794 1369 3811 ,
1389 3764 1502 3814 cujus

219 3824 362 3864 corpus
382 3814 419 3853 in
438 3816 673 3865 Megaricum
692 3817 782 3856 litus
801 3818 968 3867 eJ'ecturn
981 3824 1059 3871 est,
1079 3826 1318 3874 Megarenses
1337 3829 1502 3868 sustule-

221 3879 311 3916 runt
326 3907 336 3925 ,
357 3888 401 3915 ac
417 3878 620 3929 splendido
637 3879 773 3918 finiere
797 3882 1031 3924 honorantes
1051 3897 1135 3926 eam
1152 3890 1414 3930 Leucotheam
1435 3903 1501 3931 no·

221 3940 443 3991 minarunt;
482 3941 704 3983 Melicerten
735 3955 826 3983 vero
848 3947 1081 3988 Corinthum
1111 3950 1284 3991 delatum
1311 3955 1501 4004 sepelive-

223 4007 313 4043 runt
330 4005 538 4054 Corinthii,
558 4006 595 4045 in
612 4007 774 4057 ejusque
793 4009 979 4050 honorem
999 4012 1196 4054 celebrant
1212 4017 1385 4058 isthmia.
1404 4021 1502 4060 ilinc

222 4071 357 4107 natum
376 4069 626 4119 proverbium
644 4070 758 4116 Ἰνοῦς
779 4073 870 4124 ἄχη.
892 4074 1003 4125 Ἀχος
1029 4077 1132 4115 enim
1156 4080 1214 4117 est
1229 4080 1385 4120 tristitia
1401 4114 1410 4131 ,
1429 4082 1501 4123 do-

224 4134 295 4182 lor,
317 4134 383 4184 qui
414 4135 515 4174 mala
539 4136 731 4187 patientes
762 4138 898 4178 reddat
925 4139 1091 4191 ἀχανεῖς,
1109 4146 1260 4183 mutos.
1297 4148 1388 4185 llaec
1412 4159 1504 4189 vero

1569 370 1646 433 μὲν
1668 367 2033 433 κατοικτείραντες
2056 367 2094 412 οἱ
2115 362 2200 410 θεοὶ
2229 359 2298 408 διὰ
2322 363 2394 408 τοῦ
2415 356 2724 425 χρυσομάλλου
2741 362 2860 425 κριοῦ
2883 374 2885 376 ·

1573 443 1786 507 ἐναερίους
1809 439 2088 505 ἀφήρπασαν.
2122 435 2255 482 κὈθεν
2280 431 2425 488 Ἕλλη
2453 432 2530 494 μὲν
2565 431 2760 497 ἀντέχειν
2798 430 2860 494 μὴ
2914 454 2933 483 -3

1569 513 1782 576 δυναμένη
1799 549 1810 571 ,
1836 513 1893 565 εἷς
1916 510 1988 557 τὸν
2011 508 2086 555 ἀπ’
2105 505 2274 562 ἐκείνης
2298 503 2508 561 κληθέντα
2532 502 2862 562 Ἑλλήσποντον

1568 584 1853 633 καταπίπτει·
1888 581 2046 646 Φρίξος
2077 579 2120 626 δὲ
2155 579 2212 632 εἷς
2236 577 2314 634 τὴν
2350 575 2571 641 Κολχικὴν
2609 573 2869 632 διασώζεται
2925 633 2930 643 Ε

1568 734 1744 778 τοιαῦτα
1768 732 1919 775 παθεῖν
1944 721 2330 790 παρεσκεύασαν.]
2360 723 2428 770 Cf.
2457 724 2673 784 Apostol.
2700 724 2752 783 Ι,
2779 729 2866 784 49,
2904 719 2917 781 [5
2954 726 2955 731 ’
2995 757 2998 787 1

1568 806 1714 849 schol.
1735 798 2112 861 Aristoph.Nub.
2131 796 2444 854 225;Mi·111e1·.
2465 797 2591 841 Min.
2618 811 2668 856 p.
2691 795 2865 856 169sq.
2995 817 2998 819 ·

2195 915 2239 957 7.

1635 1005 1820 1048 Servius
1847 1002 1907 1046 ad
1923 1003 2053 1061 Virg.
2081 998 2183 1047 AEn.
2209 1000 2292 1056 VI,
2318 1005 2374 1053 14
2408 1015 2418 1043 ε
2445 1000 2737 1044 Menecrates
2758 997 2894 1050 Dan,
2955 991 2957 1037 ζ
2996 998 2998 1040 Ξ

1571 1079 1730 1122 ‹Ialum
1750 1079 1892 1120 occiso
1909 1074 2121 1134 patruele
2131 1070 2295 1130 fratre
2324 1071 2511 1116 Cretam
2527 1073 2713 1132 pettisse
2729 1069 2860 1131 dicia·
2908 1085 2918 1130 j
2959 1122 2961 1125 Ι

1568 1150 1753 1194 Icarum
1773 1148 1928 1205 silium
1958 1151 2057 1203 esus
2075 1142 2138 1189 ab
2165 1147 2329 1189 Atticis
2343 1144 2529 1203 -pquum
2551 1142 2658 1187 dum
2661 1138 2876 1198 fratrem.
2921 1166 2927 1190 5

1558 1226 1684 1283 petit
1705 1217 1958 1277 naufragio
1989 1221 2206 1279 periisse,
2235 1218 2357 1262 unde
2389 1219 2512 1275 mari
2538 1229 2720 1260 nomen.
2756 1205 2875 1261 Haee‘
2905 1207 2941 1282 ’Ὦ

1569 1294 1805 1352 cujusnam
1827 1291 2102 1339 Menecratis
2124 1291 2215 1335 sint
2237 1291 2414 1335 nescio.

2121 1407 2326 1430 ...η-..ι-
2726 1374 2743 1395 Ι

1830 1493 2230 1539 MENECRATES
2263 1492 2607 1539 NYSAENSIS.

1633 1596 1801 1641 Strabo
1829 1595 1959 1650 XIV,
1986 1610 2035 1654 p.
2059 1593 2155 1639 650
2185 1611 2195 1638 :
2222 1587 2396 1656 Ἄνδρες
2419 1589 2466 1639 δὲ
2490 1590 2716 1656 γεγόνασιν
2746 1589 2874 1639 ἔνδο·
2938 1595 2941 1600 ’

1569 1666 1628 1722 ξοι
1650 1667 1836 1720 Νυσαεῖς
1857 1665 2199 1720 Ἀπολλώνιος...
2227 1664 2302 1713 καὶ
2327 1663 2627 1730 Μενεκράτης,
2643 1662 2870 1730 Ἀριστάρ-

1567 1758 1646 1804 χου
1685 1739 1902 1802 μαθητὴς,
1952 1738 2028 1786 καὶ
2070 1738 2404 1803 Ἀριστόδημος,
2450 1736 2613 1786 ἐκείνου
2660 1737 2774 1796 υἱὸς,
2817 1729 2868 1786 οὗ

1574 1810 1866 1875 διηκούσαμεν
1896 1815 2023 1875 ἡμεῖς
2058 1811 2342 1876 ἐσχατόγηρω
2378 1810 2463 1858 νέοι
2489 1811 2713 1864 παντελῶς
2738 1811 2783 1859 ἐν
2813 1812 2868 1875 τῇ
2946 1850 2947 1853 ,

1570 1885 1715 1950 Νύσῃ.
1758 1887 1922 1933 Suidas
1962 1903 1972 1931 :
2019 1883 2194 1943 Ἰάσων,
2235 1883 2636 1950 Μενεκράτους,
2673 1881 2873 1937 Νυσαεὺς

1570 1962 1618 2007 ἐκ
1639 1957 1819 2024 πατρὸς,
1843 1957 1930 2005 ἀπὸ
1952 1957 1997 2005 δὲ
2024 1956 2186 2024 μητρὸς
2211 1952 2402 2015 “Ρόδιος,
2427 1955 2624 2020 μαθητὴς
2646 1955 2721 2005 καὶ
2749 1960 2876 2019 θυγα-
2927 1974 2949 2022 ,ξ

1569 2034 1734 2099 τριδοῦς
1751 2031 1823 2079 καὶ
1846 2030 2145 2095 διάδοχοςτῆς
2169 2033 2212 2078 ἐν
2237 2029 2379 2096 Ῥόδῳ
2403 2029 2625 2096 διατριὸἧς
2643 2029 2874 2078 Ποσειδω·

1569 2106 1657 2152 νίου
1679 2109 1753 2152 τοῦ
1774 2103 2021 2171 φιλοσόφου.
2046 2106 2229 2151 Floruit
2250 2106 2393 2165 igitur
2415 2105 2480 2150 M.
2505 2106 2628 2150 circa
2657 2102 2875 2149 150-100
2950 2131 2951 2134 =

1570 2198 1610 2226 a.
1640 2181 1751 2226 Chr.
1776 2179 2008 2240 (Clinton.
2030 2180 2094 2224 F.
2112 2179 2174 2223 H.
2199 2179 2292 2235 III,
2313 2193 2363 2238 p.
2394 2175 2487 2230 554
2509 2176 2544 2239 ).
2565 2178 2654 2222 Hic
2677 2176 2896 2223 fortasse*
2934 2171 2954 2219 {i

1570 2262 1637 2298 est
1671 2255 1984 2308 Menecrates,
2009 2251 2137 2309 cujus
2161 2252 2374 2295 meminit
2390 2263 2392 2265 ’
2407 2251 2653 2296 scholiasta
2674 2249 2867 2295 Pindari
2924 2270 2953 2314 ,²

1570 2325 1630 2370 ad
1672 2326 1745 2371 Ol.
1778 2326 1849 2381 ΙΙ,
1892 2323 1948 2369 16
1995 2340 2005 2368 ε
2053 2320 2334 2387 Μενεκράτης
2379 2320 2424 2368 δέ
2476 2339 2582 2387 φησι
2620 2323 2768 2387 ληρεῖν
2802 2319 2888 2369 rev:
2926 2322 2956 2362 ’ῑῑ

1571 2394 1845 2462 Ἀρτέμωνα·
1867 2393 1929 2458 μὴ
1954 2394 2038 2461 γὰρ
2061 2401 2219 2458 καμεῖν
2249 2393 2346 2450 τοὺς
2369 2393 2469 2460 περὶ
2495 2388 2755 2458 Ἀντίφημον
2777 2391 2879 2460 περὶ
2911 2386 2948 2419 ‘⁵

1571 2469 1649 2526 τὴν
1691 2467 1911 2528 ἀποικίαν,
1950 2468 2064 2517 ἀλλὰ
2101 2469 2266 2531 μᾶλλον
2300 2465 2414 2516 κατὰ
2445 2466 2668 2516 εὐπέτειαν
2710 2464 2877 2526 πολλὴν
2924 2467 2964 2529 '2573

1571 2545 1712 2596 αὔτοῖς
1733 2540 1876 2589 πάντα
1901 2539 2228 2601 συμὸεὸηκέναι
2260 2542 2356 2590 κτλ.
2383 2542 2525 2588 Unde
2549 2543 2742 2604 colligas
2767 2534 2961 2590 eum-33⁷⁴

1571 2617 1908 2662 commentario
1938 2617 2184 2661 illustrasse
2212 2612 2430 2661 carmina‘
2449 2615 2713 2663 Pindarica.
2743 2614 2898 2661 Idem*
2924 2610 2960 2652 -’4

1570 2690 1787 2735 laudatur
1817 2705 1843 2734 a
1867 2690 2013 2734 schol.
2047 2689 2107 2734 ad
2141 2688 2276 2736 Nem.
2318 2690 2412 2746 III,
2453 2693 2558 2746 104,
2584 2687 2644 2733 de
2676 2700 2910 2740 numeret,

1571 2763 1830 2807 liberorum
1853 2763 2079 2823 Megarae3
2106 2778 2202 2822 quo
2237 2763 2345 2807 loco
2388 2778 2490 2821 quae
2515 2761 2778 2807 afferuntur
2811 2759 2899 2806 de*

1571 2836 1735 2880 eadem
1780 2851 1832 2880 re
1880 2837 2116 2880 sententiae
2158 2836 2370 2895 Dionysii
2414 2834 2740 2895 cyclographi,
2782 2834 2877 2878 Eu·

1572 2909 1759 2968 ripidis,
1797 2909 1972 2964 Diniae,
2001 2908 2308 2968 Pherecydis,
2353 2908 2478 2961 Rati,
2517 2906 2784 2961 Herodoti,
2818 2919 2877 2950 ex

1572 2982 1742 3027 eodem
1779 2979 2004 3027 fluxerint
2038 2983 2322 3026 Menecrate.
2358 2980 2496 3025 Adde
2539 2979 2686 3027 schol.
2726 2978 2872 3038 Soph,

1577 3119 1698 3158 etiam
1717 3120 1961 3159 Menecrates
1979 3118 2123 3169 Tyrius
2138 3117 2308 3159 docebit.
2333 3119 2405 3157 Ine
2420 3117 2473 3156 ob
2483 3117 2589 3157 hanc
2603 3125 2765 3156 causam
2783 3114 2880 3156 talia

1577 3192 1763 3233 perpessa
1785 3182 1856 3221 est.
1888 3180 2117 3222 Athamanti
2146 3181 2257 3231 prius
2281 3180 2458 3231 Nephele
2489 3180 2703 3232 nupserat,
2729 3189 2782 3220 ex
2798 3188 2889 3230 qun·

1575 3247 1676 3287 filios
1689 3246 1792 3288 duos
1810 3247 1952 3288 Hellen
1970 3248 2011 3287 et
2029 3247 2221 3287 Phrixum
2233 3246 2394 3287 sustulit
2415 3257 2520 3298 :qua
2538 3248 2700 3287 mortua
2709 3245 2878 3286 aiteram

1576 3312 1693 3353 duxit
1715 3323 1882 3354 uxorem
1898 3316 1983 3354 In0.
2003 3316 2059 3352 Ea
2074 3313 2269 3364 Nepheles
2283 3312 2416 3353 liberis
2429 3311 2613 3353 insidiata
2631 3313 2713 3363 est,
2726 3313 2768 3352 et
2784 3321 2891 3362 per·.

1573 3376 1697 3417 suasit
1713 3377 1906 3428 indigenis
1933 3377 2191 3427 mulieribus,
2223 3377 2375 3418 semina
2399 3378 2446 3418 ut
2472 3377 2514 3416 in
2529 3375 2726 3428 sartagine
2748 3377 2882 3416 torre·-

1574 3444 1675 3481 rent.
1694 3441 1850 3488 Quibus
1868 3452 2073 3492 aspersum
2091 3441 2223 3482 solum
2250 3451 2405 3482 annuos
2436 3452 2518 3481 non
2537 3440 2693 3482 rettulit
2703 3439 2896 3490 fruetus„

1575 3506 1767 3545 Athamas
1795 3505 1914 3556 igitur
1942 3505 2118 3556 Delphos
2135 3506 2276 3557 misit,
2296 3505 2367 3556 qui
2385 3505 2435 3545 de
2454 3514 2643 3556 agrorum
2670 3503 2889 3546 sterilitate.

1574 3571 1782 3610 oraculum
1796 3571 2062 3611 consulerent.
2082 3573 2153 3610 Ino
2169 3580 2264 3610 vero
2280 3569 2458 3621 corrupit
2476 3569 2639 3620 legatos,
2651 3568 2880 3619 iisque‘per-
2930 3617 2933 3619 ¹

1575 3635 1697 3674 suasit
1711 3665 1722 3685 ,
1741 3636 1786 3675 ut
1812 3635 1960 3676 reversi
1976 3634 2153 3678 dicerent
2176 3633 2421 3685 respondisse
2448 3633 2691 3684 Apollinem,
2711 3633 2745 3675 si
2760 3631 2897 3674 steri·-

1576 3697 1729 3738 litatem
1763 3700 1944 3739 avertere
1980 3699 2124 3749 vellet,
2157 3697 2295 3738 Hellen
2328 3707 2376 3738 ac
2415 3697 2608 3741 Phrixum
2645 3695 2878 3739 mactandos

1575 3773 1672 3802 esse.
1710 3764 1850 3813 ltaque
1882 3773 2091 3814 persuasus
2122 3761 2312 3802 Athamas
2345 3761 2539 3802 Phrixum
2560 3762 2601 3803 et
2630 3756 2772 3802 Hellen
2794 3760 2892 3801 im‘v

1577 3828 1800 3868 molaturus
1819 3838 1900 3867 arae
1915 3827 2106 3867 admovit„
2130 3827 2206 3867 sed
2220 3827 2382 3867 illorum
2399 3826 2548 3867 miserti
2570 3826 2648 3876 dii,
2668 3825 2780 3869 aurei
2793 3825 2876 3867 vel·
2900 3829 2911 3879 f

1575 3892 1668 3932 lei-is
1683 3891 1806 3932 ariete
1818 3893 1954 3931 vectos
1978 3891 2067 3931 illos
2081 3901 2151 3942 per
2166 3901 2258 3931 aera
2283 3891 2540 3931 sustulerunt.
2577 3890 2691 3932 Helle
2713 3888 2877 3942 quidem

1576 3967 1702 4006 quum
1723 3967 1765 3996 se
1777 3955 1817 3995 in
1833 3956 1967 3996 arietis
1981 3958 2090 4006 tergo
2109 3956 2244 3995 tenere
2259 3965 2339 3995 non
2357 3957 2511 4006 posset,
2528 3953 2714 3995 decidens
2723 3954 2766 3995 in
2779 3956 2886 3997 Pom.
2905 3944 2915 3955 ⁸

1576 4022 1664 4059 tum
1685 4030 1831 4060 nomen
1852 4018 2255 4070 Hellesponto-dedit;
2277 4018 2443 4059 Phrixus
2471 4020 2605 4059 autem
2624 4018 2664 4058 in
2684 4017 2884 4059 Colchida-

1577 4085 1711 4124 salvus
1729 4083 1924 4135 pervenit.
1959 4082 2187 4123 Athamanti
2219 4083 2354 4122 autem
2382 4082 2533 4123 rabiem
2555 4081 2797 4132 injicientes,
2827 4091 2854 4121 u
2879 4089 2904 4130 j

1582 4153 1650 4189 tno
1667 4150 1739 4206 ista
1756 4149 1859 4190 mala
1871 4150 2074 4200 pateretur
2089 4147 2319 4188 effecerunt.
