3008 4542
1305 221 1710 271 FRAGMENIA.
2708 238 2732 276 5

2747 238 2800 278 1⁷

167 331 403 391 syncellus
441 344 629 389 quoque
654 330 716 374 ita
739 329 854 390 egit,
881 329 1084 388 itemque
1124 332 1264 393 Vetus
1295 331 1447 375 Chro-
1526 347 1575 389 p.
1610 332 1715 386 103,
1737 333 1799 378 C:
1828 329 1914 377 Καὶ
1935 330 2168 385 διεδέξαντο
2189 335 2419 381 Τανῗται
2444 338 2678 398 βασιλεῖς
2698 336 2748 393 δ’,
2769 336 2810 383 οἳ

78 395 81 458 ζ
164 405 328 459 alcon,
349 401 478 460 cujus
501 403 681 461 priores
702 415 832 461 reges
855 401 1144 459 quindecim,
1180 402 1262 445 etsi
1293 403 1452 444 nomi·-

163 476 308 520 natim
354 490 452 518 non
497 481 808 528 recensentur,
848 473 1015 516 eodem
1049 472 1194 516 modo
1233 481 1370 530 atque
1406 474 1451 515 in

159 538 512 592 Eratosthenico
541 545 763 590 laterculo
785 544 1034 589 adornatos
1058 545 1190 588 fuisse
1215 544 1326 588 inde
1355 545 1453 588 col-

162 618 340 680 ligitur,
378 618 510 678 quod
544 618 652 662 anni
691 615 810 672 443,
847 616 897 659 in
928 619 1092 662 Vetere
1127 615 1361 660 Chronico
1401 617 1453 658 iis

85 683 94 708 ⁵
141 680 372 735 ‘attributi
417 691 601 750 egregie
658 687 945 748 respondent
985 688 1115 731 annis
1169 687 1291 742 443,
1336 702 1453 745 quos

72 778 107 823 J
162 761 486 807 Eratosthenes
525 763 681 806 Menae·
702 760 892 820 ejusque
927 760 1265 804 successoribus
1309 769 1453 818 quat-

161 833 422 882 tuordecim
446 833 656 893 assignat.

225 906 462 963 Syncellus
490 902 793 964 reprehendit
816 902 1143 948 Manethonem
1168 912 1221 945 ut
1257 904 1338 961 qui
1373 918 1451 946 re·—

82 993 89 1000 ·
162 977 296 1038 gibus
321 970 535 1021 tribuerit
553 992 699 1022 annos
713 974 837 1020 3555
862 973 933 1036 (*).
951 976 1132 1019 Etenim
1154 977 1339 1019 Menem
1362 990 1453 1018 esse

163 1048 362 1093 eundem
393 1057 530 1108 atque
567 1049 794 1104 Misraim3
822 1047 880 1092 de
902 1047 1039 1105 hujus
1084 1062 1196 1091 vero
1240 1056 1451 1106 tempore

163 1130 372 1166 constare
399 1137 424 1166 e
450 1121 580 1166 libris
600 1123 760 1182 sacris;
786 1134 991 1179 quorum
1017 1121 1290 1163 auctoritate
1324 1121 1450 1162 inni-

162 1202 335 1250 tentem
351 1207 398 1237 se
417 1193 475 1237 ab
501 1193 630 1237 annis
651 1194 740 1236 illis
764 1191 889 1237 3555
909 1207 1115 1236 resecare
1136 1207 1281 1236 annos
1307 1207 1452 1250 1090,

162 1267 227 1310 ita
242 1274 293 1309 ut
308 1260 636 1325 ,1²Egyptiorum
648 1280 843 1325 regnum
859 1265 1033 1309 steterit
1045 1279 1130 1324 per
1142 1280 1286 1308 annos
1305 1263 1447 1308 2365.

163 1339 232 1382 Ex
251 1339 342 1382 hoc
366 1339 508 1397 igitur
539 1347 762 1397 computo
787 1338 1023 1397 profectus
1047 1338 1286 1396 Syncellus
1322 1352 1456 1381 suum

167 1409 401 1469 quendam
422 1424 583 1470 regum
604 1410 875 1453 laterculum
894 1411 1152 1464 constituit,
1172 1410 1222 1452 in
1238 1424 1332 1468 quo
1347 1409 1456 1452 inde

164 1497 191 1526 a
215 1485 348 1527 Mene
378 1498 521 1541 usque
555 1481 615 1526 ad
637 1483 820 1526 Eusebii
858 1482 1111 1542 dynastiam
1132 1483 1243 1527 XVI
1274 1482 1457 1525 nonnisi

171 1570 226 1611 17
267 1569 397 1614 reges
429 1555 630 1613 annique
669 1552 762 1598 510
801 1563 1114 1599 recensentur.
1149 1553 1288 1598 Unde
1330 1563 1457 1613 patet

170 1623 452 1669 mutationes
472 1625 675 1684 Syncelli
695 1625 834 1685 longe
854 1625 1075 1684 plurimas
1095 1625 1155 1668 ad
1175 1627 1458 1684 antiquiores

165 1698 247 1742 has
276 1697 504 1756 dynastias
536 1696 801 1740 referendas
824 1712 940 1751 esse,
978 1697 1028 1740 id
1053 1697 1183 1755 quod
1211 1699 1348 1741 etiam
1372 1713 1459 1756 per

166 1783 214 1812 se
254 1769 636 1813 verisimillimum
678 1778 756 1812 est.
792 1769 895 1812 Jam
925 1784 1039 1812 vero
1081 1783 1227 1828 quum
1268 1771 1459 1814 nomina

169 1854 334 1902 regum
353 1855 379 1885 a
392 1842 606 1900 Syncello
629 1839 781 1885 efficta
797 1855 890 1885 esse
908 1856 1007 1884 non
1024 1842 1080 1885 sit
1098 1857 1182 1885 cur
1200 1842 1456 1898 credamus,

169 1913 267 1972 ipse
302 1913 539 1971 Syncellus
564 1921 718 1956 autem
755 1928 891 1956 suum
917 1923 1190 1973 computum
1216 1915 1458 1973 componit

167 1998 272 2031 cum
310 1984 392 2032 1110
431 1985 722 2029 Manethonis
757 1984 1022 2029 Panodorei
1059 2000 1071 2031 :
1102 1994 1460 2041 consentaneum

169 2066 235 2103 est
252 2057 518 2111 laterculos,
541 2072 598 2101 ex
621 2057 790 2116 quibus
814 2058 1102 2116 Syncelliana
1120 2073 1284 2117 regum
1319 2060 1457 2102 series
1492 2077 1494 2079 ·

166 2128 370 2188 prodiit,
398 2128 530 2189 haud>
560 2129 674 2173 alios
707 2143 800 2173 esse
840 2139 979 2188 atque
1015 2131 1308 2174 Manethonis
1341 2131 1462 2175 illius

168 2188 448 2250 Panodorei.
481 2200 569 2247 Hic
591 2215 704 2244 vero
728 2197 946 2245 Manetho
970 2217 1116 2260 quum
1138 2203 1234 2260 ipse
1258 2217 1314 2246 ex
1339 2203 1460 2245 anti-

170 2274 336 2332 quiore
359 2273 640 2318 Manethone
665 2273 931 2318 decurtatus
956 2289 1047 2318 esse
1074 2274 1264 2330 debeat,
1292 2275 1462 2318 deinde

169 2361 281 2394 vero
306 2346 508 2406 Syncelli
529 2346 741 2389 laterculi
764 2347 813 2388 in
835 2347 991 2390 multis
1010 2347 1229 2390 simillimi
1252 2347 1342 2391 sint
1368 2348 1463 2390 Eu-

171 2417 394 2473 sebianis‚
423 2418 659 2476 Syncellus
684 2425 838 2461 autem
860 2434 939 2462 sua
956 2434 1012 2462 ex
1029 2420 1226 2463 Eusebio
1245 2419 1461 2478 depromi

172 2505 270 2534 non
289 2490 525 2549 potuerit:
544 2490 652 2533 hinc
672 2505 756 2533 nos
772 2490 1033 2553 colligimus
1050 2506 1343 2535 communem
1358 2491 1463 2534 fun-

171 2561 286 2607 dum
296 2562 478 2606 subesse
494 2562 724 2606 laterculis
740 2563 1029 2607 Manethonis
1045 2565 1289 2608 Eusebiani
1311 2573 1356 2607 et
1378 2566 1464 2607 Pa·

170 2634 387 2689 nodorei.
414 2632 699 2679 Confirmare
717 2636 988 2679 sententiam
1004 2636 1223 2695 exemplis
1247 2636 1461 2680 studebo.

236 2706 450 2766 Dynastia
479 2707 589 2750 XVI
619 2706 743 2764 apud
774 2706 1018 2750 Eusebium
1043 2707 1177 2750 fuisse
1200 2707 1370 2761 dicitur
1393 2723 1465 2750 re-

174 2794 283 2838 gum
301 2788 408 2822 octo
429 2775 505 2838 (η’;
521 2779 584 2822 sic
601 2780 723 2822 enim
738 2794 843 2821 cum
859 2780 959 2824 Vet.
974 2779 1148 2823 Chron.
1169 2779 1465 2823 scribendum
1498 2832 1501 2837 .

172 2865 263 2910 pro
305 2847 357 2906 ε’,
402 2859 594 2894 notante
646 2850 911 2909 Boeckhio),
968 2867 1291 2910 annorumque
1355 2866 1461 2910 19οῖ

173 2923 354 2968 Eodem
374 2922 519 2966 modo
544 2923 811 2967 chronicon
829 2925 968 2968 Vetus
982 2916 1161 2968 statuit.
1185 2926 1366 2984 Regum
1386 2941 1466 2968 110-

175 2997 298 3044 mina
321 3010 474 3054 neque
505 2995 725 3038 Eusebius
752 3009 905 3054 neque
935 2998 1074 3040 Vetus
1095 2997 1364 3041 chronicon
1387 3012 1464 3041 re-

175 3077 346 3114 censet.
370 3069 472 3112 Jam
506 3083 831 3127 comparemus
857 3069 1137 3127 Syncellum.
1176 3070 1317 3128 Apud
1342 3071 1465 3114 hunc

179 3137 254 3204 (p.
287 3140 400 3200 104)
442 3155 524 3184 rex
561 3140 804 3184 vicesimus
824 3149 976 3185 sextus
995 3150 1060 3185 est
1083 3143 1104 3185 ὃ
1128 3143 1295 3204 πρῶτος
1315 3143 1396 3186 τῶν
1424 3139 1466 3195 ἓξ

176 3213 253 3267 τῆς
273 3208 322 3265 ιζ’
341 3208 588 3261 δυναστείας
607 3207 727 3273 παρὰ
749 3211 952 3274 Μανεθῷ.
975 3214 1125 3272 Igitur
1147 3213 1468 3258 antecedentes

177 3298 309 3343 reges
338 3290 443 3327 sunt
477 3283 851 3341 dynastiae.XVI.
879 3284 960 3327 Sin
980 3286 1300 3343 supputaveris
1323 3300 1467 3329 annos

178 3355 261 3414 qui
285 3364 393 3399 octo
417 3354 607 3414 regibus
636 3354 1012 3398 antecedentibus
1035 3356 1320 3410 tribuuntur,
1345 3371 1466 3399 sum-

178 3441 303 3470 mam
345 3426 527 3469 obtines
565 3440 797 3469 annorum
838 3442 927 3484 190
942 3460 954 3481 ‚
987 3429 1053 3470 uti
1091 3443 1167 3486 ap.
1194 3428 1464 3486 Eusebium,

179 3499 259 3543 etsi
282 3498 358 3541 hic
382 3497 586 3557 singulos
614 3511 743 3556 reges
765 3512 862 3540 non
884 3508 1105 3544 recenset.

256 3570 474 3629 Sequitur
494 3569 701 3628 dynastia
718 3570 874 3624 XVII,
899 3569 1026 3627 cujus
1045 3571 1266 3615 Eusebius
1285 3573 1469 3616 exhibet

180 3650 388 3700 pastores
409 3656 539 3701 reges
561 3649 783 3700 quattuor
814 3656 1052 3700 annosque
1090 3648 1195 3694 104·
1222 3631 1295 3688 Sic
1328 3646 1463 3688 etiam

180 3716 320 3760 Vetus
349 3713 640 3773 Chronicon,
662 3714 747 3756 nisi
793 3714 925 3771 quod
957 3730 1086 3773 reges
1117 3717 1310 3758 Tanitas
1333 3715 1464 3762 dicit.

181 3784 540 3829 Eodem¹1nodo
570 3799 669 3828 rem
703 3784 943 3829 tradidisse
978 3787 1307 3830 Manethonem
1349 3789 1469 3845 Syn-

184 3857 312 3912 celli,
338 3871 394 3900 ex
418 3855 570 3900 verbis
596 3855 732 3914 hujus
756 3857 1047 3917 intelligitur.
1084 3860 1201 3903 Nam
1236 3845 1297 3903 sic
1331 3860 1471 3904 habet

235 3976 550 4033 (*)'Haud,10nge
568 3982 714 4022 recedit
730 3982 982 4022 Dicaearchus
997 3983 1060 4032 (fr.
1083 3984 1155 4031 7),
1185 3985 1252 4033 qui
1280 3997 1303 4023 a
1334 3989 1467 4024 Seson-

185 4039 315 4090 chosi,
335 4039 555 4090 quistatim
582 4041 672 4090 post
703 4042 854 4079 Horum
885 4051 1063 4091 regnasse
1097 4041 1255 4090 dicitur,
1276 4053 1399 4092 usque
1421 4043 1471 4082 ad

188 4097 348 4147 olymp.
370 4102 384 4138 1
402 4098 584 4137 numerat
602 4108 725 4137 annos
741 4103 864 4146 29:363
881 4097 979 4137 adeo
994 4099 1039 4137 111
1058 4109 1183 4155 usque
1199 4099 1383 4147 adfinem
1400 4102 1470 4140 Ne·

187 4155 341 4198 ctanebi
358 4157 391 4194 ΙΙ
412 4155 512 4203 (340
533 4166 569 4194 a.
595 4157 642 4196 G.
659 4163 671 4204 y
689 4155 766 4195 sint
782 4156 870 4195 anni
890 4159 1003 4200 3372.

1527 400 1598 446 καὶ
1619 400 1901 447 ἐδασίλευσαν
1933 402 2153 464 Αἰγύπτου
2178 404 2247 450 ἐπὶ
2283 409 2357 462 τῆς
2387 408 2434 462 ιζ’
2467 408 2711 460 δυναστείας
2735 407 2808 465 ἔτη

1528 471 1617 517 σνδ’
1645 474 1770 532 (deb.
1809 471 1913 520 svo'.
1941 473 2081 534 259),
2118 477 2172 526 ὡς
2206 475 2299 529 ἑξῆς
2333 477 2639 540 ἐστοιχείωται.
2675 479 2811 535 Vides

1528 542 1791 602 Syncellum
1813 546 1859 588 in
1885 546 2011 590 fonte
2028 561 2110 591 suo
2135 550 2355 606 reperisse
2379 550 2628 608 dynastiam
2647 567 2810 612 regum

1530 625 1763 674 quattuor,
1782 618 1847 660 uti
1862 627 1928 662 est
1946 634 2022 676 ap.
2040 620 2302 664 Eusebium.
2321 623 2458 678 Quod
2473 638 2560 681 pro
2576 625 2705 667 annis
2725 640 2739 667 1
2751 625 2809 667 03

1528 688 1662 745 ponit
1673 703 1818 732 annos
1836 687 1929 749 259
1944 723 1954 743 ,
1978 690 2027 733 id
2041 691 2302 734 incredibili
2317 695 2515 736 auctoris
2527 696 2813 754 negligentiae

1530 759 1742 805 debetur.
1777 762 1958 805 Etenim
1990 762 2038 804 in
2058 778 2184 820 seqq.
2214 762 2326 806 dicit
2345 779 2391 806 se
2418 766 2466 807 in
2486 768 2814 811 constituendis

1529 840 1768 888 pastorum
1781 832 1999 890 dynastiis
2031 835 2156 877 nolle
2190 835 2518 879 Manethonem
2553 839 2701 894 sequi,
2737 840 2814 881 sed

1530 903 1744 961 praeferre
1762 906 1788 948 J
1792 906 1951 963 osephi
1965 915 2252 964 computum.
2266 908 2290 949 J
2295 907 2491 964 osephus
2508 923 2618 950 vero
2646 925 2811 951 nume—

1530 983 1600 1018 rat
1611 975 1638 1018 6
1653 991 1813 1036 regum
1827 992 1971 1022 annos
1982 975 2093 1037 259,
2110 993 2227 1038 quos
2236 979 2469 1038 Syncellus
2480 995 2580 1024 curn
2596 984 2620 1032 4
2632 982 2818 1041 regibus

1530 1049 1819 1093 Manethonis
1837 1051 1906 1093 sui
1927 1052 2082 1109 inepte
2102 1053 2379 1110 composuit.
2406 1053 2543 1095 Haud
2566 1055 2714 1096 minus
2738 1055 2819 1096 al)-

1530 1120 1669 1164 surde
1693 1122 1960 1166 Manethoni
1974 1125 2172 1182 opponit
2190 1125 2216 1167 J
2220 1124 2443 1182 osephum
2456 1156 2468 1178 ,
2485 1125 2564 1181 qui
2585 1125 2679 1183 ipse
2696 1139 2773 1168 sua
2796 1141 2820 1167 e

1531 1193 1809 1237 Manethone
1826 1193 1975 1251 affert,
1995 1210 2139 1253 quum
2154 1195 2352 1238 diversas
2365 1195 2702 1254 chronologias,
2722 1211 2821 1255 quae

1533 1281 1691 1309 omnes
1719 1268 1989 1310 Manethoni
2014 1268 2346 1322 tribuerentur,
2367 1282 2606 1326 opponere
2630 1268 2715 1310 sihi
2736 1267 2820 1310 de-

1533 1338 1719 1383 buisset.
1743 1334 1826 1383 v‘el
1857 1339 1990 1395 hinc,
2012 1340 2146 1383 'sicuti
2171 1355 2227 1382 ex
2252 1341 2349 1383 aliis
2379 1340 2583 1394 indiciis,
2611 1355 2712 1397 quae
2739 1355 2819 1382 re·-

1533 1409 1655 1453 ferre
1693 1411 1886 1469 longum
1923 1421 1988 1454 est
2025 1411 2086 1471 (v.
2124 1411 2313 1455 Boeckh.
2355 1427 2403 1469 p.
2450 1410 2558 1470 286)
2578 1445 2589 1466 ,
2630 1422 2820 1469 apparet

1535 1483 1681 1541 ipsum
1721 1484 1983 1541 Syncellum
2016 1499 2114 1527 non
2146 1485 2392 1542 inspexisse
2426 1484 2569 1526 libros
2607 1484 2789 1541 Joseplii
2809 1519 2819 1536 ‚

1533 1555 1615 1598 sed
1641 1571 1719 1598 sua
1746 1556 1969 1599 invenisse
2001 1556 2127 1614 apud
2153 1557 2316 1611 alium,
2356 1555 2651 1600 Panodorum
2685 1564 2816 1614 puto.

1534 1628 1758 1669 Praeterea
1783 1642 1839 1670 ex
1861 1628 2006 1671 allatis
2029 1628 2302 1686 intelligitur
2338 1643 2477 1686 quam
2499 1636 2670 1671 temere
2694 1629 2822 1685 Syn-

1535 1698 1675 1740 cellus
1699 1698 1949 1741 Eusebium
1972 1700 2276 1754 incusaverit,
2303 1699 2433 1757 quod
2463 1699 2541 1743 ille
2572 1699 2823 1758 dynastiam

1535 1771 1673 1815 XVII
1696 1785 1779 1814 suo
1806 1771 1999 1815 arbitrio
2025 1772 2342 1816 constituisset.

1601 1845 1751 1887 Porro
1795 1842 2040 1888 Africanus
2075 1844 2293 1902 dynastiae
2325 1844 2507 1888 XXVII
2534 1841 2609 1902 (sr.
2641 1844 2702 1888 60
2734 1844 2822 1902 sq.)

1536 1923 1666 1968 reges
1699 1923 1895 1963 novem,
1921 1924 2066 1953 annos
2101 1925 2188 1953 120
2221 1905 2407 1964 tribuit3
2447 1910 2638 1952 nomina
2674 1918 2825 1952 autem

1540 1996 1704 2040 regum
1740 1997 1840 2024 non
1871 1990 2078 2025 recenset
2100 1982 2187 2024 nisi
2220 1982 2388 2037 trium,
2416 1981 2496 2038 qui
2521 1989 2714 2039 regnant
2743 1996 2828 2038 per

1539 2068 1684 2097 annos
1705 2059 1780 2112 49.
1795 2054 2015 2098 Eusebius
2033 2063 2195 2097 contra
2213 2054 2398 2096 nonnisi
2417 2062 2508 2096 tres
2525 2052 2661 2109 hujus
2679 2053 2827 2111 dyna-

1541 2127 1634 2169 stiae
1650 2141 1781 2186 reges
1797 2126 1948 2182 fuisse,
1967 2142 2138 2185 eosque
2158 2141 2242 2185 per
2261 2141 2405 2170 annos
2431 2130 2490 2185 49
2502 2139 2712 2184 regnasse
2733 2134 2828 2169 tra—

1539 2198 1623 2241 dit.
1658 2200 1770 2256 Quae
1808 2199 2115 2257 discrepantia
2156 2196 2340 2241 Eusebii
2370 2198 2637 2240 festinantiae
2675 2198 2830 2255 impu-

1540 2271 1677 2315 tanda
1693 2286 1786 2315 esse
1799 2270 1983 2315 videtur
1998 2272 2352 2330 quammaxime.
2367 2273 2585 2319 Attamen
2594 2271 2829 2328 Syncellus

1540 2357 1729 2401 quoque
1746 2345 1794 2386 in
1810 2359 1892 2387 suo
1914 2345 2136 2387 laterculo
2159 2342 2230 2403 (p.
2258 2342 2369 2397 184)
2389 2343 2574 2386 nonnisi
2593 2350 2683 2385 tres
2700 2357 2830 2400 reges

1539 2412 1628 2475 (No
1649 2412 1826 2477 72-74)
1861 2432 1965 2460 cum
1988 2417 2117 2460 annis
2153 2421 2212 2473 49
2250 2424 2468 2459 recenset.
2504 2416 2601 2457 Hos
2623 2429 2734 2457 vero
2771 2430 2829 2458 ex

1540 2487 1738 2532 Eusebio
1774 2503 1872 2531 non
1899 2489 2041 2548 magis
2063 2488 2278 2546 petiverit
2299 2502 2437 2545 quam
2459 2501 2589 2545 reges
2613 2486 2828 2544 dynastiae

1539 2560 1672 2613 XVI,
1703 2558 1846 2617 idque
1874 2560 1947 2603 vel
1968 2559 2076 2603 inde
2106 2560 2356 2618 colligitur,
2385 2558 2511 2616 quod
2541 2558 2679 2615 primi
2711 2559 2830 2617 regis

1540 2646 1714 2675 nomen
1736 2647 1833 2674 non
1853 2632 1978 2675 idem
2007 2631 2146 2675 tradit
2171 2640 2383 2689 uterque.
2414 2631 2565 2687 Quare
2581 2664 2592 2683 ‚
2627 2630 2706 2672 etsi
2732 2645 2826 2673 non

1541 2717 1660 2762 nego
1683 2712 1773 2746 tres
1788 2718 1918 2762 reges
1938 2703 2049 2761 dyn.
2072 2703 2251 2746 XXVII
2273 2702 2380 2745 inde
2403 2710 2528 2745 ortos
2550 2716 2641 2744 esse
2655 2736 2667 2756 .‚
2701 2702 2830 2759 quod

1541 2774 1588 2816 hi
1621 2783 1798 2818 tantum
1825 2776 2099 2818 nominatim
2133 2774 2448 2818 afferebantur
2485 2774 2533 2816 in
2570 2774 2831 2831 antiquiore

1543 2846 1766 2890 laterculo
1781 2880 1795 2906 ,
1820 2847 1934 2889 nihil
1957 2855 2109 2890 tamen
2130 2854 2194 2890 est
2216 2862 2299 2889 cur
2324 2846 2372 2890 id
2403 2845 2585 2889 Eusebii
2608 2847 2743 2903 culpa
2765 2845 2832 2889 fa—

1544 2926 1671 2961 ctum
1691 2933 1783 2962 esse
1805 2933 2084 2962 censeamus.

1610 2991 1689 3034 His
1711 2991 1996 3049 potissimum
2024 2989 2206 3034 indiciis
2227 2990 2354 3035 ducti
2372 2991 2602 3034 laterculis
2622 2989 2803 3033 Eusebii
2819 3024 2829 3041 ,

1543 3062 1802 3117 Panodori,
1842 3065 2018 3109 Veteris
2055 3063 2273 3108 Chronici
2313 3073 2359 3107 et
2396 3062 2595 3121 Syncelli
2632 3061 2827 3104 fundum

1545 3150 1836 3181 communem
1875 3135 2054 3179 subesse
2086 3150 2319 3179 censemus
2349 3134 2543 3179 eandem
2576 3132 2829 3176 Manetho-

1543 3210 1669 3252 niani
1697 3203 1857 3266 operis
1871 3209 2206 3253 recensionem.
2233 3209 2381 3265 Quam
2403 3208 2650 3265 integram,
2680 3205 2751 3247 vel
2777 3219 2827 3246 ex

1544 3281 1707 3338 majori
1734 3290 1864 3339 parte
1899 3282 2126 3340 integram
2159 3282 2355 3324 servavit
2390 3278 2631 3327 Eusebius;
2665 3275 2831 3320 deinde

1546 3352 1808 3395 mortalium
1841 3367 1983 3411 regna
2006 3351 2246 3406 diminuit,
2283 3352 2553 3409 reliquaque
2577 3349 2635 3393 ad
2667 3348 2831 3406 placita

1543 3441 1621 3468 sua
1656 3425 1930 3483 astrologica
1959 3424 2328 3468 accommodavit
2351 3432 2514 3467 auctor
2548 3422 2739 3466 Sotheos
2775 3420 2830 3461 li—

1545 3498 1642 3555 bri,
1674 3498 1816 3540 homo
1841 3496 2047 3550 Judaeus,
2086 3505 2220 3555 puto.
2265 3498 2361 3541 Hac
2398 3495 2701 3539 adornatione
2729 3506 2832 3534 usus

1545 3569 1714 3612 deiude
1744 3578 1808 3612 est
1842 3568 2138 3625 Panodorus‚
2171 3570 2251 3627 qui
2283 3571 2330 3612 in
2358 3569 2553 3612 deorum
2579 3565 2727 3623 regnis
2760 3572 2828 3605 ta-

1546 3641 1637 3683 cito
1673 3641 1898 3684 nonnulla
1932 3642 2201 3695 mutaverit,
2230 3656 2371 3699 quum
2397 3641 2503 3682 alias
2525 3639 2601 3679 vix
2620 3634 2718 3678 fieri
2742 3648 2828 3691 po-

1547 3714 1721 3767 tuisset,
1740 3721 1792 3755 ut
1810 3714 2015 3772 AEgyptii
2033 3712 2096 3756 dii
2117 3728 2172 3757 ex
2190 3714 2329 3771 ipsius
2348 3712 2517 3772 placito
2540 3707 2732 3750 totidem
2750 3720 2827 3747 an-

1546 3787 1614 3827 nis
1638 3794 1900 3844 regnassent
1930 3795 2069 3843 atque
2096 3787 2458 3843 Babyloniorum
2488 3794 2614 3838 reges
2638 3776 2827 3820 antedi-

1546 3858 1735 3907 luviani.
1791 3858 1967 3915 Veteris
2001 3858 2218 3901 Clironici
2262 3865 2438 3906 auctor,
2480 3851 2644 3894 eodem
2692 3857 2827 3905 atque

1546 3929 1818 3973 Panodorus‚
1845 3930 1972 3972 sonte
1999 3945 2125 3982 usus,
2149 3929 2411 3986 mortalium
2449 3935 2655 3981 tempora
2685 3921 2829 3977 magis

1547 4002 1789 4060 diminuit,
1810 4001 2005 4044 deorum
2030 4016 2171 4059 regna
2194 4015 2301 4042 vero
2326 3998 2472 4051 auxit,
2498 4004 2548 4037 ut
2568 4008 2666 4037 eam
2689 4005 2825 4047 quam

1547 4075 1694 4117 voluit
1712 4089 1941 4121 annorum
1965 4072 2209 4132 periodum
2234 4069 2455 4121 efficeret,
2483 4064 2717 4124 Syncellus
2743 4061 2825 4102 de-

1548 4148 1704 4205 nique,
1726 4146 1972 4190 Panodoro
1995 4160 2115 4198 usus,
2138 4157 2275 4201 regna
2294 4139 2623 4183 immortalium
2638 4147 2826 4193 prorsus
