3016 4628
1069 295 1150 342 DE
1189 293 1385 342 REBUS
1421 293 1720 341 PUssLlClS.

14 391 19 397 ,
45 375 55 392 ι

16 405 59 474 ἕξ,
80 409 208 465 anab<
229 407 272 457 δὲ
297 405 493 472 νεώτερος
516 405 539 430 *
556 404 576 426 *
597 402 672 452 καὶ
693 401 859 468 θρασύς.
884 403 1047 450 Τοῦτον
1069 405 1354 467 τυραννοῦντα

14 465 144 562 &fe-‘h
185 478 426 540 δυνηθέντες
460 478 623 524 ἀνελεῖν
642 512 654 535 ,
694 472 943 538 Ἵππαρχον
985 471 1238 520 ἀπέκτειναν
1285 473 1355 520 τὸν

16 538 260 621 ιζὶλᾶδελιρὸν
284 554 426 600 αὐτοῦ.
451 549 624 604 Ἱππίας
643 546 688 596 δὲ
711 546 960 612 πικρότερον
989 546 1222 610 ἐτυράννει.

144 642 180 675 7.
218 623 476 682 Κλεισθένης
495 621 567 669 τὸν
586 619 683 686 περὶ
709 621 1000 683 ὀστρακισμοῦ
1024 617 1152 679 νόμον
1177 615 1357 679 εἰσηγή-

80 711 211 758 σατο,
239 693 282 749 δς
306 693 426 753 ἐτέθη
449 691 520 741 διὰ
546 690 642 745 τοὺς
673 690 1000 756 τυραννιῶντας.
1037 687 1126 736 Καὶ
1158 686 1280 734 ἄλλοι
1312 705 1357 733 τε

78 765 450 831 ὦστρακίσθησαν,
470 761 543 819 καὶ
567 761 818 814 Ξάνθιππος
841 758 914 807 καὶ
934 757 1206 824 Ἀριστείδης.

144 854 181 888 8.
218 833 449 903 Ἐφιάλτης
467 833 562 888 τοῦς
592 831 721 886 ἰδίους
747 831 904 896 ἀγροὺς
923 829 1150 894 ὀπωρίζειν
1174 829 1356 893 παρεῖχε

34 946 39 950 -
78 911 165 964 τοῖς
192 907 482 974 βουλομένοις,
507 905 550 961 ἐξ
571 898 631 953 ὧν
652 902 833 958 πολλοὺς
855 903 1075 958 ἐδείπνιζε.

88 1000 90 1002 ’
140 990 180 1030 i).
219 978 368 1030 Κλέων
391 975 657 1042 παραλαὸὼν
693 974 900 1040 διέφθειρε
931 973 980 1021 τὸ
1012 972 1254 1035 πολίτευμα
1282 971 1356 1019 καὶ

17 1093 20 1102 2
77 1052 140 1104 {tt
161 1053 322 1116 μᾶλλον
345 1052 383 1098 οἱ
417 1051 510 1112 μετ’
544 1047 686 1107 αὐτὸν,
722 1046 762 1096 οἳ
783 1046 949 1100 πάντας
977 1045 1158 1107 ἀνομίας
1181 1044 1357 1102 ἐνέπλη-

76 1136 176 1184 σαν,
212 1122 286 1171 καὶ
319 1123 481 1169 ἀνεῖλον
509 1122 587 1168 οὔκ
621 1119 826 1172 ἐλάσσους
857 1118 1008 1183 χιλίων
1041 1115 1354 1165 πεντακοσίων.

52 1193 252 1260 χΤούτων
294 1192 339 1241 δὲ
372 1191 715 1251 καταλυθέντων,
754 1189 1061 1256 Θρασύὸουλος
1094 1189 1168 1236 καὶ
1203 1186 1357 1236 Ῥίνων

18 1263 46 1333 ’4,
74 1263 444 1332 ηοεῑσῖἥκεῑσαν,
465 1263 508 1319 ὃς
529 1257 581 1323 ἦν
603 1262 711 1329 ἀνὴρ
734 1262 864 1316 καλὸς
883 1261 1083 1325 κάγαθός.

141 1355 197 1389 10.
233 1338 566 1402 [Θεμιστοκλῆς
581 1336 655 1384 καὶ
669 1334 927 1400 Ἀριστείδης
951 1334 1058 1398 καὶ]
1080 1339 1107 1392 ἡ
1133 1333 1174 1389 ἐξ
1198 1333 1356 1398 Ἀρείου

36 1410 216 1474 τ’·ποίγου
250 1408 381 1475 βουλὴ
416 1407 558 1457 πολλὰ
594 1407 786 1455 ἐδύνατο.
824 1407 914 1456 Καὶ
948 1409 1032 1454 τῶν
1071 1408 1179 1453 ὁδῶν
1213 1409 1357 1467 ἐπιμε-

74 1483 275 1544 λοῦνται,
301 1479 416 1536 ὅπως
451 1479 512 1543 μή
535 1498 646 1534 τινες
681 1479 1015 1542 ἀνοικοδομῶσιν
1041 1477 1174 1531 αὐτὰς
1203 1475 1230 1535 ἢ
1256 1479 1358 1543 δρυ-

76 1555 262 1622 φάκτους
285 1551 602 1618 ὑπερτείνωσιν.

145 1643 199 1675 11.
237 1624 428 1688 Ὁμοίως
472 1624 516 1672 δὲ
555 1628 782 1671 καθιστᾶσι
815 1623 890 1670 καὶ
922 1622 1016 1678 τοὺς
1045 1622 1220 1684 ἕνδεκα,
1261 1622 1358 1677 τοὺς

74 1695 464 1761 ἐπιμελησομένους
479 1699 563 1743 τῶν
577 1699 619 1743 ἐν
641 1694 941 1760 δεσμωτηρίῳ.
959 1694 1059 1743 Εἰσὶ
1080 1695 1123 1742 δὲ
1140 1695 1214 1742 καὶ
1236 1693 1356 1742 ἐννέα

44 1800 46 1802 ν
72 1767 596 1836 ἅρχοντεςθεσμοθετικοὶ
628 1765 669 1814 οἳ
702 1766 1030 1829 δοκιμασθέντες
1054 1767 1257 1829 ὀμνύουσι
1291 1768 1352 1813 δι-

42 1939 47 1947 .
71 1907 149 1950 boc
170 1908 229 1948 est
248 1908 462 1958 oxytonon.
480 1909 532 1946 V.
552 1906 686 1956 Steph.
708 1905 1091 1946 Thes—Lacunam
1117 1906 1207 1956 post
1227 1906 1360 1944 νεώτε-

40 1978 135 2019 ρος
148 1965 302 2005 notavit
316 1964 619 2012 Schneidewin„
630 1963 812 2014 quoniam
830 1975 921 2015 quae
943 1965 1164 2014 sequuntur
1179 1964 1220 2003 in
1239 1964 1360 2003 Thes-

68 2021 213 2070 fialum,
229 2021 279 2062 de
293 2033 373 2072 quo
388 2021 478 2061 vide
493 2021 654 2060 Diodor.
671 2023 720 2070 X,
744 2026 789 2060 16
803 2051 814 2068 ,
838 2021 944 2060 haud
967 2021 1129 2061 cadunt.
1146 2021 1253 2060 «Ad
1265 2032 1354 2060 sen-

26 2074 238 2132 -?..-tentiam
258 2081 364 2120 recte
391 2080 514 2130 (nam
544 2079 634 2130 quis
651 2079 774 2118 verba
790 2079 1042 2130 praestabit?)
1064 2082 1102 2119 J.
1123 2082 1178 2120 M.
1197 2080 1359 2119 Schult-

35 2138 160 2189 *fmus
173 2137 287 2178 Stud.
310 2137 462 2188 philcll.
493 2136 726 2177 Kilonienss.
749 2146 790 2185 p.
823 2141 895 2176 160
911 2138 997 2176 haec
1027 2137 1083 2176 sic
1114 2137 1195 2176 sere
1214 2136 1360 2176 reficie-

41 2193 144 2238 bat
173 2211 183 2236 ε
209 2197 406 2241 Θέσσαλος
423 2196 463 2234 δὲ
494 2195 674 2245 νεώτερος
695 2193 929 2245 [φιλόδημος
951 2195 1017 2234 καὶ
1047 2198 1188 2246 πρᾶος,
1211 2194 1360 2240 Ἱππίας

39 2247 116 2306 4,ῥὰ
129 2253 286 2305 πικρὸς]
301 2254 367 2292 καὶ
384 2252 535 2304 θρασύς.
555 2254 672 2292 Certe
687 2251 718 2290 δ’
736 2253 756 2290 ὁ
770 2252 947 2302 νεώτερος
963 2252 1145 2292 debebat.
1160 2253 1220 2291 lta
1234 2254 1359 2291 Hera-

113 2310 193 2351 'doe
218 2322 310 2350 cum
345 2309 576 2360 Thucydide
605 2308 853 2358 conciliatur,
888 2309 938 2349 de
966 2320 1048 2359 quo
1080 2319 1193 2349 secus
1221 2309 1361 2349 statuit

110 2369 267 2409 oellerus
287 2370 385 2408 tom.
408 2368 471 2415 11,
496 2371 639 2417 p..1to
667 2377 727 2416 sq.
753 2365 814 2405 ed.
841 2366 958 2416 prior.
976 2381 997 2401 »
1031 2365 1284 2406 Schneidew.
1309 2387 1361 2394 —

35 2403 211 2480 gisgofirov
224 2426 289 2465 τὸν
307 2428 561 2477 τυραννοῦντα
587 2425 684 2472 Βο;
705 2423 909 2470 δυνηθέντα
924 2426 1010 2469 AC;
1035 2425 1249 2474 Ἵππαρχον
1270 2423 1361 2462 ἀπέ-

34 2479 219 2559 ἔέμτεινεν
239 2484 363 2530 ΑΒο,
383 2482 596 2532 Ἵππαρχος
629 2481 827 2520 ἀπέκτεινε
860 2480 929 2530 ch
940 2494 954 2531 ;
973 2482 1126 2526 Ἱππέας
1143 2491 1216 2531 ap;
1233 2480 1361 2532 πικρό·

37 2540 63 2590 ἰς
77 2548 94 2593 ’7
122 2555 171 2581 τα
182 2541 300 2581 ABG.
323 2563 376 2574 -
397 2543 435 2581 7.
454 2539 678 2585 Κλεισθένης
690 2537 710 2595 1
724 2549 747 2578 e
760 2539 864 2589 conj.
882 2538 1086 2591 Simsonis3
1102 2540 1167 2578 καὶ
1184 2538 1290 2578 libri.
1308 2541 1359 2578 V.

74 2599 218 2651 Elian.
237 2601 286 2638 V.
307 2600 355 2638 H.
377 2602 436 2647 13,
454 2599 504 2636 24
522 2613 531 2636 ε
554 2597 782 2643 Κλεισθένης
797 2597 839 2636 δὲ
861 2598 883 2635 ὁ
910 2596 1098 2643 Ἀθηναῖος
1117 2598 1161 2637 τὸ
1193 2598 1267 2636 δεῖν
1291 2597 1363 2642 ἐξο·

10 2653 13 2659 ’
43 2646 345 2710 ,ἱξλῘρτρακίζεσθαι
359 2659 506 2706 πρῶτος
526 2654 827 2708 εἰσηγησάμενος
848 2655 960 2700 αὐτὸς
983 2656 1094 2706 ἔτυχε
1121 2660 1188 2703 τῆς
1207 2655 1360 2694 καταδί·

50 2711 145 2763 ἓκης
161 2719 322 2764 πρῶτος.
338 2713 490 2759 Quibus
504 2715 594 2763 apte
619 2712 802 2762 subjungi
817 2713 991 2762 :possent
1007 2723 1098 2763 quae
1137 2714 1362 2762 sequuntur

51 2759 140 2831 Jup-
159 2770 419 2811 Heraclidem.
449 2775 624 2820 Corayus
644 2772 683 2809 et
703 2770 1027 2810 Schneidewinus
1049 2771 1261 2811 retinentes
1286 2781 1361 2809 vo-

68 2821 164 2883 ?‘bem
186 2829 252 2867 καὶ
281 2837 379 2866 mox
405 2827 584 2867 scribunt
614 2829 870 2882 εἰσηγήσαντο
893 2829 977 2877 (se.
998 2828 1293 2878 Athenienses).
1312 2852 1363 2860 -

53 2915 55 2918 Α
74 2889 115 2939 β.
130 2883 357 2936 Ἐφιάλτης]
377 2884 599 2934 Ephialtem
615 2886 858 2938 excerptoris
873 2887 988 2936 culpa
1001 2897 1073 2936 pro
1087 2886 1251 2927 Cimone
1267 2886 1360 2936 poni

72 2943 216 2996 ‘censet
238 2942 408 2983 Sintenis
430 2942 482 2982 ad
495 2943 697 2996 Plutarch.
717 2944 861 2984 Pericl.
883 2955 920 2984 c.
937 2949 974 2984 9.
995 2944 1055 2984 Ad
1070 2955 1209 2983 vocem
1227 2946 1359 2995 βουλο-

34 2998 202 3101 ’ῗξξνοις
217 3001 357 3051 sponte
379 3000 639 3054 subintelligis
662 3006 737 3042 τῶν
759 3002 962 3049 Ἀθηναίων
987 3003 1048 3041 vel
1077 3007 1153 3041 τῶν
1176 3003 1358 3043 πολιτῶν.

63 3104 66 3110 Ι
155 3059 430 3108 Theopompus
447 3057 495 3098 fr.
517 3061 568 3104 al}
603 3075 613 3098 ι
631 3059 819 3111 Κίμων.;.
850 3060 986 3099 οὐδένα
1001 3064 1069 3099 τοῦ
1088 3064 1238 3110 καρποῦ
1257 3061 1361 3100 καθί·

68 3112 152 3158 ᾖα
169 3116 332 3168 φύλακα,
347 3115 450 3160 ὅπως
471 3118 507 3156 οἱ
529 3116 753 3167 βουλόμενοι
770 3122 847 3157 τῶν
860 3119 1027 3157 πολιτῶν
1048 3117 1232 3162 εἰσιόντες
1252 3118 1360 3158 ὀπω-

68 3175 113 3217 ,25:-
132 3188 293 3215 ωνται...
308 3174 471 3214 Ἔπειτα
491 3178 559 3221 τὴν
579 3175 705 3214 οἰκίαν
723 3181 882 3228 παρεῖχε
898 3181 1028 3227 κοινὴν
1045 3179 1184 3229 ἅπασι,
1205 3182 1270 3219 καὶ
1283 3181 1360 3220 δεῖ·

71 3231 143 3290 ‘'L'‘
188 3233 246 3272 ἀεὶ
269 3232 417 3277 εὔτελες
447 3234 804 3283 παρασκευάζεσθαι
835 3237 990 3283 πολλοῖς
1023 3238 1261 3288 ἀνθρώποις,
1293 3239 1360 3278 καὶ

190 3290 352 3342 ἀπόρους
375 3290 599 3344 προσιόντας
626 3295 704 3331 τῶν
729 3292 934 3339 Ἀθηναίων
962 3295 1148 3341 εἰσιόντας
1183 3297 1359 3336 δειπνεῖν.

99 3362 180 3396 χιι·
199 3363 219 3383 ιι
242 3347 362 3387 modo
390 3347 594 3387 Plutarch.
617 3349 774 3390 Cimon.
796 3357 868 3392 10:
886 3354 963 3392 Καὶ
986 3354 1133 3393 δεῖπνον
1154 3355 1254 3394 οἶκοι
1274 3355 1363 3406 παρ’

94 3405 184 3458 ’3135
202 3405 304 3446 λιτὸν
328 3405 411 3456 μὲν,
431 3405 571 3456 ἀρκοῦν
598 3405 638 3445 δὲ
652 3409 807 3452 πολλοῖς
833 3410 999 3457 ἐποιεῖτο
1025 3413 1110 3450 καθ’
1127 3413 1287 3463 ἡμέραν,
1306 3412 1361 3464 ἐφ’

75 3481 80 3489 ’
112 3486 142 3503 ,ιι
167 3477 193 3507 ,ν
209 3463 381 3510 πενήτων
406 3465 427 3502 ὁ
449 3462 675 3515 βουλόμενος
695 3466 828 3516 εἰσῄει.
846 3467 917 3507 His
932 3468 1096 3518 opponit
1125 3468 1364 3509 Plutarchus

159 3520 341 3562 totelem
362 3521 441 3571 (fr.
462 3523 512 3560 64
533 3520 564 3571 ),
585 3521 654 3572 qui
670 3532 825 3562 coenam
859 3524 1014 3564 nonnisi
1037 3526 1214 3566 Laciadis
1233 3527 1362 3566 tribu·

98 3581 175 3635 ..im
210 3578 391 3628 paratam
423 3577 508 3618 osse
539 3577 650 3618 dicit.
679 3579 902 3620 Aristotelis
930 3583 1066 3622 autem
1094 3583 1363 3623 narrationem

117 3650 122 3661 =
169 3651 188 3668 ιι
226 3634 444 3675 Heraclidis
478 3634 614 3675 verbis
643 3637 749 3677 male
768 3639 965 3679 truncatis
991 3640 1151 3681 subesse
1179 3642 1363 3691 opinatur

78 3698 147 3752 '35²'
170 3691 412 3759 eidewinus,
427 3703 479 3733 ne
498 3693 694 3742 concidat,
714 3694 868 3746 opinor,
884 3698 1076 3737 sententia
1091 3698 1142 3738 de
1157 3699 1363 3739 Heraclide

128 3825 135 3840 ι
155 3822 157 3825 ’
178 3805 255 3848 ‘us
269 3817 332 3858 ap.
348 3809 565 3849 Koelerum.
584 3823 636 3844 -·-
662 3810 898 3864 ἐνέπλησαν]
919 3814 1050 3853 ἀνεπλ.
1069 3816 1267 3864 Corayus‚
1285 3816 1363 3855 col-

36 3875 39 3891 ε
83 3876 97 3909 g
118 3880 153 3932 ιιι
195 3864 360 3906 Platone
386 3865 430 3905 in
465 3867 629 3923 Apolog.
660 3878 698 3918 p.
719 3873 785 3919 32,
813 3870 883 3910 ubi
901 3871 951 3911 de
984 3875 1033 3912 30
1056 3872 1152 3913 viris
1183 3874 1362 3919 ιπολλοῖς

121 3941 125 3950 «
176 3935 177 3938 ’
235 3922 488 3973 προσέταττον
519 3925 742 3977 βουλόμενοι
762 3929 814 3972 ὡς
839 3928 1040 3973 πλείστους
1059 3929 1276 3976 ἀναπλῆσαι
1299 3932 1361 3970 αἱ·

177 3983 307 4021 .·-9.
328 3981 461 4032 χιλίων
493 3983 784 4036 πεντακοσίων]
811 3986 872 4025 Cf.
906 3987 1081 4026 AEschin.
1113 3990 1159 4026 In
1185 3988 1359 4038 Ctesiph.

143 4080 146 4082 ,
162 4038 200 4086 7,
214 4040 259 4077 21
279 4052 288 4077 ε
302 4040 338 4077 οἱ
349 4038 551 4089 τριάκοντα
565 4041 716 4088 πλείους
729 4044 752 4090 ἢ
766 4043 909 4093 χιλίους
922 4046 988 4082 καὶ
1001 4045 1273 4090 πεντακοσίους
1285 4050 1360 4084 τῶν

156 4093 244 4136 ιτῶν
259 4094 432 4146 ἀκρίτους
451 4097 675 4138 ἀπέκτειναν
693 4102 779 4152 πρὶν
795 4101 862 4146 τὰς
879 4102 1004 4147 αἰτίας
1025 4101 1190 4141 ἀκοῦσαι
1221 4103 1276 4153 ἐφ’
1301 4103 1361 4148 αῖς

134 4155 145 4193 ᾖ
193 4163 234 4190 ον
251 4152 515 4200 ἀποθνήσκειν.
544 4155 654 4196 idem
684 4168 874 4198 numerus
893 4169 958 4209 ap.
995 4160 1166 4199 AEschin.
1191 4162 1250 4199 De
1273 4160 1358 4199 fals.

41 4240 43 4242 .
144 4234 156 4247 .
174 4208 311 4269 μ’38,
335 4213 382 4249 14
397 4211 543 4261 Reisk.‚
560 4215 723 4254 Isocrat.
746 4226 784 4265 p.
803 4220 897 4265 153,
918 4227 958 4266 p.
980 4221 1051 4257 397
1076 4219 1120 4256 R.
1143 4239 1191 4244 —
1209 4216 1359 4269 Ῥίνων]

212 4286 447 4318 ῈΒΑΟΠΕΝΤΑ
473 4291 627 4320 HtS'ron-
659 4293 774 4335 Gli-*—
795 4298 884 4327 VOL·
905 4301 944 4328 ll·

2621 304 2711 343 20⁹

1432 405 1652 454 studiosus;
1666 405 1874 446 Thessalus
1886 406 2012 445 minor
2023 404 2118 445 'natu
2133 408 2150 426 *
2165 409 2181 427 *
2194 408 2336 447 audax.
2354 411 2467 448 Hunc
2483 409 2716 462 (Hippiam)

1434 463 1687 514 tyrannidem
1709 465 1910 503 tenentem
1937 474 2062 512 quum
2093 466 2316 504 interimere
2343 478 2421 505 non
2439 471 2621 517 possent,
2640 471 2717 507 fra-

1433 522 1535 559 trem
1566 519 1651 568 ejus
1683 519 1952 569 Hipparchum
1982 518 2275 559 interfecerunt.
2313 525 2401 568 Quo
2432 524 2534 562 sacto
2561 525 2720 575 Hippias

1435 576 1545 614 tanto
1564 574 1741 613 acerbior
1764 577 1955 623 tyrannus
1977 575 2144 614 exstitit.

1485 632 1522 667 7.
1551 629 1771 669 Clisthenes
1799 629 1848 668 de
1874 629 2104 668 ostracisnio
2133 631 2256 679 legem
2293 633 2508 671 introduxit
2534 634 2721 674 adversus

1434 701 1684 750 tyrannidem
1704 701 1956 741 affectantes.
2013 705 2068 740 Ac
2084 713 2209 751 quum
2226 703 2290 741 alii
2312 704 2386 742 hac
2402 706 2619 744 ostracismi
2638 708 2720 754 lege

1433 772 1473 811 in
1490 773 1655 812 exilium
1676 773 1753 812 acti
1770 775 1891 822 sunt,
1913 774 2001 812 tum
2024 784 2119 813 vero
2140 774 2391 824 Xanthippus
2413 779 2453 815 et
2471 777 2667 817 Aristides.

1486 841 1524 876 8.
1539 836 1739 886 Ephialtes
1748 836 1925 886 (Cimon)
1938 847 1988 875 ex
2001 837 2104 886 agris
2112 836 2192 875 suis
2205 837 2354 877 fructus
2364 838 2570 889 decerpere
2578 836 2722 880 'volenti

1434 887 1579 936 cuique
1603 886 1752 927 civium
1781 886 2055 937 permittebat;
2076 887 2291 937 multisque
2303 899 2441 927 eoi-uin
2457 901 2607 929 coenam
2625 902 2723 941 prae-

1367 951 1372 956 ·
1434 937 1567 977 bebat.

1484 995 1522 1029 9.
1548 988 1669 1028 eleon
1691 989 1830 1028 nactus
1859 988 1955 1038 reip.
1982 987 2359 1027 administrationem
2385 991 2560 1040 corrupit
2577 1021 2587 1039 ,
2620 992 2724 1029 mul-

1433 1046 1554 1096 toque
1579 1044 1702 1095 magis
1727 1045 1797 1095 qui
1824 1056 1915 1084 eum
1943 1045 2068 1084 secuti
2103 1047 2207 1084 sunt.
2244 1046 2290 1084 Hi
2325 1046 2512 1096 (triginta
2540 1049 2724 1096 tyranni)

1432 1115 1570 1143 omnes
1604 1104 1735 1154 legum
1767 1105 1998 1154 contemptu
2026 1103 2252 1154 replerunt,
2288 1104 2616 1154 sustuleruntque
2648 1117 2725 1143 nou

1433 1164 1638 1212 pauciores
1673 1162 1783 1201 mille
1826 1162 2065 1211 quingentis.
2111 1164 2259 1201 Eversa
2301 1172 2440 1201 eorum
2494 1164 2725 1211 tyrannide,

1434 1219 1702 1269 Thrasybulus
1735 1220 1775 1260 et
1808 1219 1961 1260 Rhinon
1990 1218 2051 1260 vir
2095 1219 2223 1259 bonus
2255 1221 2294 1259 et
2329 1219 2474 1269 probus
2503 1219 2727 1269 reipublica.¹

1433 1280 1687 1332 praefuerunt.

1464 1345 1547 1379 .10.
1578 1340 1745 1379 Senatus
1764 1338 2057 1389 Areopagiticus
2083 1336 2301 1389 plurimum
2317 1338 2359 1377 in
2383 1335 2582 1389 republica
2615 1341 2726 1389 pote-

1434 1416 1509 1451 rat.
1541 1412 1626 1452 Viae
1650 1419 1810 1462 quoque
1841 1411 2146 1452 Atheniensibus
2169 1421 2276 1450 curae
2304 1412 2444 1460 erant,
2476 1422 2524 1450 ne
2553 1411 2642 1461 quis
2661 1422 2726 1450 eas

1434 1483 1708 1529 inaedisicando
1743 1483 1966 1523 obstrueret
2006 1483 2066 1522 vel
2102 1483 2296 1523 Maeniana
2328 1483 2444 1523 nimis
2471 1484 2511 1522 in
2545 1494 2611 1523 eas
2642 1495 2728 1534 pro·

1442 1554 1631 1597 tenderet.

1440 1649 1444 1652 -
1493 1632 1552 1669 11.
1584 1629 1683 1668 Item
1701 1629 1887 1669 crearunt
1904 1627 2190 1678 (Athenienses)
2209 1629 2396 1668 undecim
2412 1629 2538 1678 viros,
2555 1630 2624 1679 qui
2640 1640 2727 1668 car-

1439 1712 1529 1742 cere
1565 1701 1726 1742 inclusis
1772 1702 1985 1752 praeerant.
2038 1702 2140 1741 Sunt
2177 1701 2298 1740 etiam
2339 1713 2483 1741 novem
2519 1702 2727 1741 archontes

1435 1774 1733 1824 thesmothetae‚
1768 1774 1838 1824 qui
1873 1773 1989 1813 simul
2017 1784 2063 1812 ac
2096 1773 2249 1824 probati
2288 1774 2394 1824 sint,
2428 1775 2587 1814 solenne
2618 1775 2729 1824 Jura-

1436 1915 1541 1945 unus
1557 1907 1591 1945 X
1610 1905 1786 1944 virorum
1803 1935 1814 1954 ‚
1833 1905 1901 1954 qui
1919 1905 2080 1954 triginta
2092 1905 2199 1944 viros
2214 1907 2469 1955 exceperunt.
2507 1907 2556 1945 V.
2575 1908 2729 1945 Isocra-

1434 1963 1514 2002 tem
1531 1973 1571 2012 p.
1584 1966 1673 2003 372.
1685 1963 1745 2003 Cf.
1764 1963 1955 2002 Meineke.
1972 1965 2039 2002 Fr.
2060 1965 2172 2003 Com.
2191 1966 2224 2011 l,
2240 1974 2276 2012 p.
2291 1966 2377 2002 209.
2391 1963 2634 2012 Negligenter
2651 1965 2730 2014 egit

1433 2020 1654 2069 excerptor.
1677 2034 1696 2054 «
1715 2021 1949 2060 Narraverat
1964 2021 2118 2070 auctor,
2139 2019 2463 2059 Schneidewinus
2477 2020 2546 2069 ait,
2563 2021 2708 2070 Thrasy
2719 2044 2728 2050 -

1432 2075 1574 2115 bulum
1591 2076 1685 2117 fusis
1704 2077 1827 2126 copiis
1846 2077 2007 2126 triginta
2021 2078 2199 2116 virorum
2214 2079 2486 2127 occupatoque
2499 2077 2648 2117 Piraeeo
2662 2089 2728 2128 po·

1433 2134 1611 2183 putarem
1627 2136 1775 2173 statum
1792 2134 1964 2174 civitatis
1988 2136 2247 2182 instaurasse,
2280 2134 2452 2174 Rhinoni
2484 2137 2617 2174 autem
2637 2146 2729 2175 cum

1433 2191 1591 2241 collegis
1616 2192 1697 2231 suis
1716 2193 1804 2241 post
1820 2192 2110 2232 abdicationem
2142 2193 2304 2243 triginta
2335 2192 2513 2231 virorum
2529 2192 2728 2233 civitatem

1434 2249 1684 2290 commissam
1706 2251 1836 2290 fuisse.
1860 2267 1879 2286 »
1905 2272 1958 2279 —-
1978 2256 2038 2291 10.
2060 2253 2152 2300 Θεμ.
2169 2252 2233 2289 καὶ
2260 2250 2328 2301 Ἀρ.
2351 2250 2442 2300 καὶ]
2463 2250 2573 2289 uncis
2606 2251 2728 2290 inclu-

1433 2307 1482 2347 sit
1498 2307 1840 2356 Schneidewinus,
1863 2309 2090 2358 rectissime;
2107 2308 2238 2347 delata
2247 2308 2327 2347 huc
2342 2308 2526 2354 videntur
2537 2308 2598 2359 e§
2617 2312 2656 2348 7.
2676 2331 2729 2338 —

1433 2367 1498 2404 καὶ
1513 2368 1547 2404 οἱ
1561 2366 1598 2410 ἐξ
1606 2366 1749 2417 Ἀρεοπ.
1761 2368 1808 2415 A3
1821 2366 1960 2406 deinde
1972 2382 1982 2405 ε
1997 2367 2152 2406 ἐδύνατο
2166 2369 2234 2406 ΑΒ
2241 2369 2380 2416 CPap,
2391 2366 2567 2405 ἐδύναντο
2576 2369 2668 2407 cett.
2677 2390 2728 2396 -—

1435 2423 1722 2474 ἐπιμελοῦνται]
1743 2426 1811 2463 ΑΒ
1822 2436 1834 2472 ;
1855 2425 2106 2475 ἐπεμελοῦντο
2123 2423 2258 2463 ceteri.
2278 2423 2456 2472 vulgatae
2475 2424 2728 2475 ἐπεμελοῦντο

1434 2482 1646 2521 innitentes
1660 2481 1949 2532 allegantesque
1961 2482 2188 2521 AEschinem
2206 2483 2252 2522 C.
2268 2482 2482 2521 Timocrat.
2506 2492 2544 2531 p.
2574 2489 2636 2531 11,
2654 2485 2727 2522 viri

1434 2539 1541 2579 docti
1572 2541 1795 2579 statuerunt
1828 2550 1966 2579 curam
1996 2540 2256 2580 aedificiorum
2279 2544 2479 2589 Areopago
2515 2540 2631 2580 fuisse
2656 2541 2727 2581 de-

1434 2596 1661 2636 mandatam
1678 2597 1742 2644 (V.
1762 2597 2002 2637 Schoemann
2027 2601 2087 2638 De
2108 2598 2282 2638 comitiis
2306 2609 2344 2648 p.
2371 2599 2459 2646 294,
2482 2597 2630 2637 Histor.
2645 2599 2725 2648 Jur.

1435 2653 1598 2704 publ.p.
1626 2659 1716 2697 300,
1745 2655 1956 2700 δυὴυὴετιι,
1987 2658 2045 2696 De
2079 2655 2185 2695 aedil.
2207 2667 2244 2706 p.
2264 2661 2313 2695 65
2329 2666 2413 2704 sq„
2441 2655 2509 2694 alii
2528 2656 2556 2704 ).
2579 2658 2728 2696 Contra

1437 2711 1766 2752 Schneidewinus
1786 2715 1921 2752 monet
1951 2713 2040 2753 loco
2074 2714 2270 2754 AEschinis
2284 2713 2381 2753 nihil
2416 2713 2599 2763 probari;
2623 2716 2728 2765 apud

1435 2769 1684 2809 Heraclidem
1699 2780 1794 2809 vero
1811 2771 1981 2820 optimos
2017 2771 2140 2811 libros
2163 2772 2341 2822 praebere
2374 2771 2584 2810 lectionem
2600 2773 2727 2822 ἐπιμε-

1435 2827 1602 2876 λοῦνται,
1618 2826 1726 2878 quod
1740 2827 1892 2866 dictum
1914 2828 1965 2867 sit
1980 2828 2096 2868 sicuti
2115 2829 2156 2868 id
2171 2828 2279 2879 quod
2303 2828 2482 2878 sequitur
2503 2843 2514 2867 ι
2532 2830 2673 2877 ὁμοίως
2688 2832 2728 2870 δὲ

1434 2886 1656 2935 καθιστᾶσι,
1675 2897 1730 2925 sc.
1754 2889 1790 2925 οἱ
1811 2885 2012 2936 Ἀθηναῖοι,
2029 2897 2077 2926 ex
2094 2898 2207 2927 more
2230 2887 2473 2937 excerptoris
2502 2889 2638 2927 nostri.
2673 2892 2729 2928 De

1434 2953 1478 2981 re
1497 2943 1546 2982 cs.
1570 2943 1729 2983 Aristot.
1750 2943 1834 2983 Pol.
1861 2946 1940 2992 VI,
1961 2949 1998 2994 5,
2023 2948 2062 2993 3,
2086 2946 2127 2984 et
2143 2945 2318 2985 AEschin.
2348 2946 2395 2983 In
2416 2945 2588 2994 ctesiph.
2609 2944 2632 2995 §
2662 2951 2727 2995 2¹0,

1435 3011 1472 3050 p.
1494 3003 1584 3049 419,
1609 3001 1674 3041 ubi
1695 3002 1866 3041 ὁδοποιοὶ
1883 3005 2170 3043 memorantur.
2199 3024 2250 3031 —
2280 3001 2508 3053 δρύφακτοι]
2527 3003 2566 3040 h.
2585 3003 2610 3042 l.
2637 3008 2729 3044 sunt

1434 3059 1483 3098 τὰ
1497 3064 1573 3099 τῶν
1589 3061 1909 3112 οἰκοδομημάτων
1946 3062 2126 3112 ἐξέχοντα
2157 3063 2248 3107 ξύλα
2279 3061 2433 3110 (schol.
2463 3061 2578 3100 Arist.
2606 3064 2725 3113 Vesp.

1437 3122 1534 3167 385,
1566 3121 1639 3169 Eq.
1671 3122 1746 3159 672
1764 3119 1794 3170 ),
1829 3119 1950 3158 latine
1981 3121 2226 3169 Maem'ana,
2258 3119 2371 3158 nobis
2391 3117 2576 3158 balcons.
2613 3121 2728 3170 Apud

1436 3176 1768 3217 Pseudo—Aristot.
1800 3178 1944 3216 OEcon.
1964 3179 2029 3224 ΙΙ,
2048 3188 2084 3216 c.
2109 3183 2131 3217 5
2155 3177 2316 3228 Hippias
2339 3178 2517 3223 πωλῆσαι
2535 3176 2660 3217 fertur
2678 3180 2727 3217 τὰ

1435 3234 1672 3285 ὑπερέχοντα
1691 3239 1767 3274 τῶν
1792 3236 1976 3286 ὑπερῴων
1988 3238 2039 3280 εἰς
2051 3236 2117 3281 τὰς
2133 3236 2319 3286 δημοσίας
2337 3235 2458 3277 ὁδούς.
2477 3237 2664 3274 ceterum
2677 3247 2727 3275 ex

1435 3293 1631 3343 excerptis
1659 3294 1804 3333 nostris
1829 3294 1938 3343 patet
1968 3294 2218 3334 Heraclidem
2240 3293 2295 3332 ita
2318 3304 2402 3332 rem
2422 3291 2657 3343 instituisse,
2683 3298 2728 3332 ut

1435 3349 1608 3398 primum
1625 3350 1829 3401 historiam
1852 3351 2151 3392 Atheniensium
2176 3351 2273 3401 reip.
2292 3361 2422 3400 usque
2438 3349 2487 3389 ad
2513 3361 2583 3389 sua
2606 3350 2728 3400 ipsius

1434 3408 1615 3458 tempora
1631 3410 1858 3458 enarraret,
1877 3421 1923 3448 ac
1938 3411 2027 3449 tum
2043 3410 2205 3450 demum
2219 3409 2269 3449 de
2285 3408 2444 3458 singulis
2461 3408 2557 3458 reip.
2571 3408 2725 3448 institu-

1434 3465 1486 3505 tis
1502 3466 1724 3507 accuratius
1744 3469 1972 3518 exponeret.
1987 3492 2038 3501 -
2061 3472 2122 3508 ¹1.
2139 3472 2215 3507 τῶν
2232 3468 2270 3507 ἐν
2287 3471 2342 3517 τῷ
2358 3468 2468 3516 δεσμ.
2489 3466 2503 3517 ]
2525 3469 2628 3506 ABG
2635 3470 2668 3506 P
2685 3471 2725 3507 ct

1436 3534 1558 3574 marg.
1571 3535 1599 3575 p
1612 3538 1625 3574 ;
1638 3529 1714 3565 τῶν
1731 3526 2002 3577 δεσμωτηρίων
2016 3525 2189 3570 abcet'et
2202 3536 2271 3577 pr.
2286 3536 2340 3576 p;
2357 3530 2434 3564 τῶν
2451 3526 2658 3575 δεσμωτῶν
2678 3527 2719 3564 d.

1434 3604 1486 3614 -
1515 3583 1775 3633 θεσμοθετικοὶ
1808 3582 1880 3635 οἳ]
1912 3583 2229 3633 Schneidewin.;
2269 3583 2526 3632 θεσμοθετικοὶ
2555 3583 2722 3632 (θεσμο-

1434 3641 1580 3685 τητικοὶ
1599 3640 1674 3691 0.)
1694 3642 1759 3680 καὶ
1778 3643 1813 3680 οἱ
1833 3643 1916 3691 AG,
1937 3642 2160 3691 θεσμοθέται
2181 3642 2246 3679 καὶ
2263 3643 2298 3679 οἱ
2315 3640 2468 3690 reliqui.
2489 3640 2651 3689 Cragius
2674 3641 2724 3678 de

1435 3706 1508 3735 suo
1519 3696 1682 3737 dederat
1697 3698 1804 3738 ἐννέα
1823 3698 2002 3750 ἄρχοντες
2021 3699 2075 3738 ὧν
2093 3699 2341 3749 θεσμοθέται,
2367 3698 2458 3737 hinc
2474 3697 2527 3735 ὦν
2547 3698 2721 3746 θεσμοθέ-

1434 3768 1496 3794 ται
1514 3754 1580 3807 [ἕξ]
1596 3755 1704 3796 dedit
1738 3759 1936 3808 Corayus‚
1957 3758 2216 3808 proposuerat
2242 3756 2435 3796 Koelerus.
2460 3755 2719 3794 Thesmothe-

1434 3813 1567 3853 tarum
1593 3825 1740 3854 nomen
1778 3815 1828 3854 de
1859 3815 2046 3855 omnibus
2070 3825 2215 3855 novem
2243 3812 2497 3853 archontibus
2523 3812 2718 3851 interdum

1434 3871 1615 3921 usurpari
1631 3872 1747 3912 docet
1763 3872 1895 3912 Meier.
1909 3873 1951 3912 in
1961 3872 2169 3921 Philoloq.
2190 3870 2397 3916 Blaetcer(
2416 3871 2547 3916 1817),
2565 3868 2658 3906 fasc.
2681 3876 2714 3915 ι,

1433 3939 1474 3978 p.
1500 3933 1585 3969 102.
1615 3931 1664 3970 V.
1687 3930 1812 3969 schol.
1841 3930 1959 3971 Arist.
1978 3930 2086 3970 Plut.
2106 3934 2195 3978 277,
2218 3931 2332 3977 vesp,
2358 3930 2443 3965 775.
2477 3926 2537 3964 Cf.
2557 3925 2713 3965 Boec-kh.

1434 3988 1634 4037 c.1.1,p.
1654 3991 1744 4038 44o;
1763 3988 1896 4028 Meier.
1917 3990 2002 4028 Ate.
2024 3990 2197 4027 Prozess
2216 3996 2253 4035 p.
2283 3988 2330 4023 59
2349 3997 2359 4030 ;
2377 3983 2623 4020 scnoemann.
2646 3984 2717 4019 ³¹¹⁸

1434 4043 1544 4093 publ.
1561 4056 1602 4095 p.
1622 4048 1719 4093 243;
1752 4047 1966 4085 Hermann.
1996 4044 2156 4094 Antiqq·
2179 4043 2201 4093 ᾗ
2237 4045 2321 4088 138,
2355 4047 2412 4078 ¹0·
2444 4041 2528 4086 134,
2563 4040 2601 4085 43
2620 4038 2717 4101 ·W‘¹·

1433 4104 1648 4142 stez-mann.
1669 4103 1720 4142 ad
1751 4103 1948 4142 Plutarch.
1973 4102 2107 4142 solon.
2133 4107 2195 4149 25,
2220 4109 2300 4148 quo
2325 4097 2411 4135 loco
2441 4095 2490 4133 de
2510 4096 2591 4144 ipso
2613 4105 2715 4142 jura-

1434 4162 1568 4199 mento
1588 4165 1664 4199 τῶν
1688 4162 1925 4211 θεσμοθετῶν
1945 4170 2074 4199 sermo
2102 4162 2173 4197 est.
2207 4157 2267 4195 Cf.
2287 4154 2447 4194 Aristot.
2471 4153 2516 4190 sr.
2555 4155 2596 4190 13
2613 4181 2623 4198 ,
2646 4152 2712 4190 ubi

1434 4219 1612 4259 citandus
1627 4221 1712 4259 erat
1731 4219 1840 4259 locus
1871 4218 2041 4259 Pollucis
2059 4218 2171 4258 vul,
2208 4219 2255 4253 85
2280 4228 2286 4251 :
2307 4212 2453 4259 ὤμνυον
2485 4212 2519 4246 οἱ
2538 4209 2712 4258 ἄρχοντες

2545 4285 2580 4313 1⁴
