3016 4628
288 257 376 299 160

284 358 465 401 tuibate
495 373 503 399 :
546 351 751 417 γηπέὸον,
773 351 918 436 ἔφορος
943 371 1015 398 και
1039 351 1210 417 χωρίον.
1228 353 1568 415 JCleopliontis

284 429 482 473 fabulam
509 425 837 491 Μανδρόίῗουλος
860 428 1122 487 inscriptam
1139 436 1367 471 memorat
1390 427 1569 470 Aristo-

282 502 393 545 teles
415 500 771 560 Sopl1.Elench.
813 498 896 560 15,
921 497 947 542 5
969 515 1018 558 Ρ.
1047 506 1164 556 174,
1186 515 1242 556 27
1270 500 1416 544 Bekk.
1435 496 1568 560 (vide

280 573 464 632 Fragm.
490 581 617 632 poet.
646 580 763 631 trag.
797 585 845 629 p.
886 584 973 614 100
1002 571 1077 614 ed.
1106 570 1355 631 Wagner.)
1398 571 1566 614 Nostio

281 645 387 688 1000
411 646 565 689 nescio
591 660 674 689 cur
696 643 925 688 Prellerus
940 642 999 686 ad
1026 644 1202 687 Polem.
1226 659 1275 702 p.
1303 642 1363 701 59
1388 642 1568 685 Aristo-

282 717 361 760 teli
383 717 658 762 substituere
675 716 877 760 voluerit
900 715 1147 759 Aristidem
1172 716 1414 759 Milesium.
1443 713 1567 756 Con-

283 797 352 833 tra
389 789 513 834 idem
544 805 620 850 ap.
648 789 792 834 Clem.
820 787 953 831 Alex.
994 787 1165 832 Strom.
1190 788 1235 840 Ι,
1263 802 1312 845 Ρ.
1346 784 1436 828 352
1476 797 1565 841 pio

286 862 555 905 Aiistarcho
585 870 631 906 et
663 860 999 917 TheopompO,
1032 859 1340 917 Pythagoram
1371 854 1565 913 Tyrlhe-

284 947 396 975 num
422 932 555 977 fuisse
579 930 867 983 dicentibus,
894 931 1055 988 1οΡοηί
1080 930 1179 973 ν1111
1196 928 1489 973 Aristotelem
1521 933 1567 968 et

280 1005 661 1064 Theophrastum.

863 1089 971 1148 178.

347 1178 501 1224 Schol.
527 1180 818 1238 Aristophan.
838 1182 923 1224 Av.
953 1181 1094 1232 471:
1132 1169 1216 1219 Διὰ
1243 1170 1429 1241 σπουδῆς
1449 1173 1565 1232 εἰχον

281 1246 352 1294 τὸν
389 1246 606 1295 Αἴσωπον.
644 1250 730 1296 Καὶ
764 1249 974 1313 Ἀριστοτε
966 1245 1094 1301 ”λης
1076 1264 1118 1291 εν
1143 1263 1196 1306 τῃ
1237 1235 1415 1303 Σαμίων
1441 1242 1564 1287 πολι·

281 1319 374 1365 τεία
410 1319 583 1367 εἰπόντα
625 1339 750 1384 φησιν
774 1319 899 1367 αὐτὸν
934 1321 1065 1380 μῦθον
1099 1313 1451 1376 ηὐδοκιμηκέναι.
1489 1314 1559 1360 Cf.

283 1393 580 1437 Heraclides
569 1411 616 1436 111
641 1396 832 1441 Samior.
855 1396 975 1452 Rep.
1006 1406 1078 1446 10,
1100 1390 1182 1433 ubi
1202 1404 1303 1447 quae
1328 1387 1387 1432 de
1405 1389 1564 1446 Asopo

283 1465 497 1524 leguntur
520 1466 678 1510 iisdem
709 1467 860 1511 veihis
892 1466 1028 1510 etiam
1061 1477 1137 1521 ap.
1175 1460 1321 1505 schol.
1352 1468 1566 1503 nostium

283 1537 313 1579 l.
338 1537 368 1579 Ι.
400 1547 592 1585 exstant.

870 1604 974 1684 179.

346 1707 523 1751 Zenob.
549 1709 626 1766 VI,
658 1723 710 1751 12
743 1704 849 1753 :T6
873 1703 993 1769 περὶ
1019 1703 1180 1767 Δρῦν
1184 1701 1419 1755 σκότος·
1444 1702 1567 1766 ’-·Αρι

283 1775 486 1834 στοτέλης
520 1795 645 1841 φησιν
693 1779 734 1823 ἐν
773 1782 825 1841 τῇ
866 1775 1046 1839 Σαμίων
1090 1773 1284 1821 πολιτεία
1299 1812 1311 1836 ,
1349 1774 1568 1840 Πριηνέας

282 1847 503 1902 πολλσυς<
488 1849 568 1895 υπὸ
594 1848 820 1908 Μιλησίων
860 1851 1135 1912 ἀναιρεθῆναι
1167 1866 1265 1912 περι
1295 1846 1375 1904 τὴν
1408 1849 1566 1900 καλου-

280 1939 338 2005 με
328 1919 416 1977 ’νην
440 1925 578 1985 Δρῦν·
602 1921 693 1969 ὅθεν
713 1922 784 1969 καὶ
809 1921 883 1975 τὰς
906 1920 1134 1986 Πριηνεῑάς
1158 1926 1363 1984 γυναῖκας
1386 1919 1566 1982 Ομνύναῑ

282 1991 363 2037 τὸ
350 1991 447 2055 περὶ
470 1996 582 2057 Δρῦν
610 1994 772 2046 σκότος.
796 1996 864 2041 Cf.
887 1997 1096 2055 Apostol.
1120 1996 1258 2038 Prov.
1287 1996 1453 2055 XVII,
1484 1994 1562 2040 25.

346 2067 576 2110 Plutarch.
601 2069 690 2124 Qu.
715 2068 794 2114 Gr.
815 2084 853 2113 c.
882 2083 958 2127 2ο,
980 2084 1027 2127 p.
1049 2065 1159 2127 295,
1178 2069 1246 2113 F:
1264 2065 1375 2119 ”1Ὶίς
1395 2069 1417 2113 6
1439 2029 1564 2130 λεγό·

282 2155 403 2196 μενος
438 2139 480 2183 ἐν
514 2137 681 2203 Πριήνῃ
721 2138 839 2204 παρὰ
862 2136 972 2204 Δρυϊ
1009 2137 1181 2197 σκότος;
1238 2137 1455 2201 Σάμιοι
1491 2158 1566 2186 και

282 2211 482 2273 Πριηνεῖς
503 2211 785 2272 πολεμοῦντες
807 2211 1033 2270 ἀλλήλοις,
1058 2210 1114 2258 τὰ
1137 2210 1214 2274 μὲν
1241 2210 1356 2258 ἄλλα
1383 2211 1566 2277 μετρίως

278 2281 539 2328 ἐὲλάπτοντο
559 2282 631 2329 καὶ
654 2282 868 2331 ἔὸλαπτον
883 2321 894 2343 ,
931 2284 1079 2349 μάχης
1104 2283 1149 2332 δὲ
1174 2287 1367 2349 μεγάλης
1391 2285 1567 2349 γενομέ-

276 2373 365 2412 νης,
382 2354 544 2418 χιλίους
562 2355 741 2418 Σαμίων
759 2376 797 2404 οι
783 2358 1049 2421 εΠριηνεῖς
1027 2357 1301 2405 απέκτειναν·
1328 2357 1501 2424 ἑὸδόμῳ
1522 2357 1566 2406 δὲ

276 2426 447 2492 ὕστερον
465 2426 548 2473 ἔτει
564 2428 792 2486 Μιλησίοις
807 2429 1101 2492 συμὸαλόντες
1118 2429 1239 2496 παρα
1258 2430 1336 2488 τὴν
1357 2430 1570 2492 καλουμέ-

275 2517 349 2555 νην
370 2501 500 2562 Δρῦν,
522 2519 617 2553 τους
639 2500 835 2565 ἀρίστους
847 2505 953 2565 ὁμοῦ
971 2522 1012 2549 τι
1037 2522 1111 2550 και
1135 2502 1328 2569 πρώτους
1346 2478 1566 2551 ἀπέὸαλον

274 2573 358 2616 τῶν
382 2573 591 2618 πολιτῶν·
617 2593 686 2621 οτε
711 2574 784 2621 καὶ
805 2575 911 2629 Βίας
928 2579 950 2622 6
967 2575 1092 2642 σοφὸς
1117 2578 1175 2630 εἷς
1193 2577 1384 2639 Σάμον’
1365 2597 1414 2625 εκ
1433 2577 1569 2642 Πριή-

275 2662 349 2700 νης
371 2662 448 2706 πρε
454 2644 634 2699 σὸεύσας
659 2647 929 2710 εὐδοκίμησε.
954 2651 1066 2703 Ταῖς
1092 2648 1137 2697 δὲ
1161 2649 1391 2715 Πριηνέων
1418 2669 1567 2714 γυναι-

277 2714 311 2768 ξ
304 2734 339 2760 ,ν
365 2718 469 2776 ὁμοῦ
489 2722 563 2763 τοῦ
584 2718 741 2774 πάθους
763 2719 912 2768 τούτου
935 2721 1009 2768 καὶ
1030 2726 1107 2780 τῆς
1132 2730 1359 2789 συμφορᾶς
1380 2725 1565 2781 ἐλεεινῆς

277 2806 325 2848 γε
329 2787 527 2849 νομένης,
523 2790 633 2876 Νάρὰ
647 2791 831 2852 κατέστη
856 2793 930 2841 και
951 2793 1073 2861 ὅρκος
1093 2815 1195 2860 περι
1216 2798 1301 2842 τῶν
1324 2795 1560 2859 μεγίστων,

279 2857 336 2906 O
360 2859 478 2922 παρὰ
497 2865 549 2926 τῇ
571 2858 679 2927 Δρυι
696 2864 856 2924 σκότος,
882 2866 951 2913 δια
969 2867 1017 2914 τὸ
1042 2868 1201 2923 παῖδας
1221 2870 1363 2915 αὐτῶν
1385 2868 1459 2915 καὶ
1482 2887 1565 2915 πα-

865 3009 963 3050 178.

335 3067 585 3108 Aristotcles·
575 3082 615 3110 m
643 3073 863 3115 Samiorum
885 3089 967 3128 rep.
989 3081 1180 3130 AEsopum
1208 3079 1365 3120 fabulas
1394 3091 1561 3120 narran-

280 3132 360 3170 tem
382 3132 607 3176 inclaruisse
626 3137 735 3178 dicit.

868 3210 965 3251 179.

333 3266 581 3307 Aristoteles
571 3280 610 3308 111
623 3272 841 3314 Samiorum
859 3287 940 3327 rep.
972 3277 1067 3318 dicit
1085 3291 1274 3331 magnum
1291 3280 1563 3322 Prienensium

281 3339 489 3368 numerum
503 3332 553 3371 ab
569 3334 725 3374 Milesiis
742 3338 914 3378 occisum
927 3351 1008 3380 esse
1021 3353 1140 3393 prope
1149 3345 1282 3384 locum
1292 3356 1412 3396 quem
1431 3348 1562 3392 Quer-

281 3402 374 3430 cum
395 3397 540 3433 vocant
569 3397 688 3447 atque
708 3399 800 3439 111110
822 3403 1049 3446 Prienenses
1067 3408 1255 3449 mulieres
1285 3421 1354 3461 per
1379 3410 1564 3450 tenebras

280 3456 386 3505 apud
408 3459 608 3503 Quercum
628 3460 773 3509 J'urare.

336 3520 446 3565 Quid
456 3521 534 3560 sibi
549 3524 694 3564 volunt
709 3528 890 3568 tenebroe
901 3531 1021 3581 apud
1037 3535 1261 3586 Quercum,
1273 3547 1372 3588 quoe
1389 3540 1562 3579 Prienae

279 3587 574 3624 memorantur
583 3591 606 3625 Ρ
616 3589 768 3627 Samii
747 3592 787 3629 et
798 3592 1036 3646 Prienenses,
1051 3597 1155 3638 bello
1165 3602 1389 3651 commisso,
1401 3603 1562 3642 medio-

279 3646 437 3685 eribus
428 3648 595 3688 invicem
616 3650 767 3691 damnis
781 3665 823 3694 se
841 3656 982 3697 assecei
986 3662 1089 3701 unt
1081 3674 1250 3713 ·magno
1270 3666 1405 3705 autem
1424 3669 1563 3717 proelio

279 3714 488 3753 commisso
502 3715 725 3756 Prienenses
734 3719 838 3759 mille
849 3724 1000 3764 Samios
1008 3728 1306 3770 trucidaverunt
1315 3734 1564 3784 septimoque

279 3779 366 3827 post
381 3787 485 3816 anno
493 3788 586 3818 cum
601 3781 756 3821 Milesiis
764 3794 891 3834 pugna
901 3791 1093 3838 congressi
1105 3793 1153 3831 ad
1163 3795 1294 3835 locum
1304 3798 1373 3847 qni
1383 3800 1564 3844 Quercus

277 3839 435 3888 «licitur,
448 3841 620 3891 optimos
632 3845 860 3897 primosque
873 3861 894 3887 1
896 3850 1020 3891 ivium
1032 3855 1274 3898 amiserunt:
1292 3871 1372 3910 quo
1385 3863 1564 3912 tempore

279 3903 366 3943 Bias
383 3904 519 3944 Priene
543 3904 581 3946 in
601 3910 763 3949 Samum
779 3911 919 3952 missus
932 3914 1082 3965 legatus
1101 3919 1257 3960 claruit.
1273 3926 1408 3970 Quum
1428 3928 1563 3967 autem

280 3969 506 4010 Prienenses
540 3973 725 4015 mulieres
737 3976 940 4018 calamitas
987 3981 1072 4022 baec
1109 3986 1279 4034 graviter
1307 3991 1559 4043 perculisset,

277 4034 493 4073 exsecratio
514 4036 554 4075 et
579 4035 858 4087 J'usJ'urandum
884 4043 1068 4084 maximis
1087 4046 1136 4086 (10
1166 4050 1281 4089 1011115
1304 4054 1565 4096 constitutum

277 4097 333 4134 est
349 4107 427 4147 per
447 4099 640 4140 tenebras
660 4102 778 4153 apud
797 4107 1036 4151 Quercum:
1057 4111 1163 4160 quod
1190 4112 1243 4153 ibi
1262 4114 1396 4167 liberi,
1422 4130 1563 4169 paren-

279 4161 337 4198 tes
361 4160 514 4212 virique
530 4174 666 4205 earum
684 4170 854 4209 mortem
871 4172 1137 4222 oppetiissent.

1184 241 1591 295 ARlSTOTELIS
1628 238 1705 290 FP.
1711 240 1845 288 AGM
1855 239 1929 287 EN
1937 237 2036 286 TA.

1642 348 1765 411 τέρας
1788 350 1874 395 ἐκεῖ
1894 337 2164 410 φονευθῆναι.
2190 345 2244 390 V.
2273 343 2481 387 Panoska
2510 344 2601 387 Res
2619 342 2743 391 Sam.
2770 359 2819 404 p.
2854 343 2913 389 38
2935 395 2938 397 Β

1640 420 1918 466 Maeand‘rius
1943 418 2142 463 Milesius
2163 415 2223 462 fi.
2253 415 2299 461 6.
2944 427 2946 429 ·

2204 499 2344 562 [180
2358 499 2376 562 1

1709 591 1924 653 [Aristot.
1943 588 2046 632 Pol.
2079 590 2117 633 V
2132 620 2145 643 ,
2173 603 2230 646 9,
2260 590 2323 638 4:
2357 582 2444 632 Και
2468 603 2565 638 τους
2584 583 2773 640 πένητας
2795 592 2909 635 ποιεῖ
2927 571 2953 645 {7

1639 682 1735 715 τους
1763 658 2049 750 ἀρχρμένους,
2086 656 2390 719 τυραννικόν..
2437 655 2726 721 Παράδειγμα
2761 655 2807 704 δὲ
2877 683 2885 697 ι
2938 678 2957 722 ιΛ

1638 755 1711 782 του
1757 750 1866 778 ,και
1883 730 1938 778 τὰ
1965 729 2067 795 περὶ
2088 728 2239 788 Σάμον
2267 727 2373 793 ἔργα
2397 727 2717 793 Πολυκράτεια.
2729 728 2747 792 ]

2239 814 2344 860 181.

1706 899 1899 943 Photius
1915 900 2032 943 Lex.
2059 911 2108 942 v.
2138 893 2321 956 Σαμίων
2342 896 2364 941 6
2385 894 2563 956 δημος’
2539 913 2598 947 ως
2619 893 2919 961 πολυγράμμα
2996 924 2999 926 -

1637 970 1848 1022 τος...οἱ
1871 965 1955 1032 γὰρ
1979 965 2142 1029 Σάμιοι
2169 966 2580 1025 καταπονηθέντεςε
2564 966 2646 1014 υπὸ
2669 970 2755 1015 τῶν
2783 967 2892 1032 ‘rupa'

1639 1060 1744 1099 νων,
1757 1039 1915 1086 σπάνει
1936 1043 2022 1086 τῶν
2040 1038 2383 1102 πολιτευομένων
2401 1039 2651 1104 ἐπέγραψαν
2673 1046 2761 1094 τοῖς
2777 1039 2894 1088 δούλ
2927 1059 2950 1093 -;·
2997 1051 3001 1054 ’

1641 1114 1689 1160 ἐκ
1713 1112 1840 1160 πέντε
1866 1112 2093 1177 στατήρων
2112 1111 2189 1170 τὴν
2211 1112 2524 1172 ἰσοπολιτείαν,
2563 1117 2621 1165 ὣς
2642 1112 2921 1177 Ἀριστοτέλη

1638 1186 1682 1231 ἐν
1699 1189 1753 1249 τῇ
1773 1184 1954 1247 Σαμίων
1976 1184 2191 1251 πολιτεία.
2205 1185 2378 1232 Eadem
2402 1187 2613 1233 Suidass.
2628 1202 2674 1231 v.
2682 1187 2934 1246 ,.ΑΡο5101
2936 1208 2942 1214 ³

1637 1261 1698 1303 Pi
1702 1275 1778 1303 ov
1797 1260 1956 1315 XVII,
1984 1257 2063 1306 25.
2082 1261 2207 1304 Alias
2224 1259 2815 1321 proverbiiexplicationes
2829 1259 2918 1305 aff.

1637 1341 1748 1376 runt
1763 1348 1819 1376 ex
1841 1332 2020 1377 Duride
2043 1340 2089 1377 et
2111 1332 2350 1377 Andronis
2367 1332 2592 1392 Tripode.
2638 1331 2708 1380 Cf.
2732 1331 2930 1378 Ρ3110111
2946 1344 2957 1390 j-
2998 1366 3002 1368 -

1638 1406 1671 1462 l,
1722 1407 1755 1452 l.
1785 1421 1834 1465 p.
1874 1405 1954 1459 46.
1991 1406 2186 1451 Fritseh.
2219 1407 2294 1450 De
2327 1405 2599 1466 Babyloniis
2634 1405 2957 1467 Aristophan
2999 1457 3001 1459 ,

1638 1494 1688 1538 Ρ.
1720 1477 1775 1522 18
1800 1494 1903 1538 sqq.

2241 1550 2346 1598 182.

1711 1633 1922 1687 [Aristot.
1960 1633 2062 1676 Pol.
2090 1635 2156 1688 V,
2193 1550 2238 1688 1[‚
2275 1549 2381 1676 11]:
2412 1629 2655 1692 Ζαγκλαῖοι
2679 1626 2783 1676 δὲΣ
2746 1629 2940 1699 ..αμίους

1642 1701 1945 1764 ὑποδεξάμενοι
1970 1701 2166 1758 ἐξέπεσον
2191 1721 2264 1750 και
2291 1698 2806 1767 abtoi.]V.He1-0dot.
2839 1706 2935 1761 ·Vl,

1643 1778 1722 1832 23,
1746 1777 2076 1836 ibiq.1nte1p1

2238 1848 2347 1921 183.

1705 1929 1941 1976 Plutarch.
1961 1930 2162 1974 Pericles
2174 1945 2215 1976 c.
2239 1929 2318 1974 26.
2339 1931 2542 1975 Pericles
2557 1945 2615 1974 ex
2633 1929 2772 1974 classe
2789 1929 2942 1974 Athe-

1638 2003 1890 2058 niensium,
1918 2017 2022 2062 quae
2042 2003 2231 2048 Samum
2243 2002 2520 2059 obsidebat,
2545 2002 2781 2063 sexaginta
2803 2012 2943 2047 naves

1640 2075 1905 2134 assumpsit,
1933 2090 2041 2118 cum
2063 2075 2212 2134 iisque
2229 2076 2384 2120 Asiam
2407 2091 2567 2119 versus
2601 2073 2866 2130 contendit,
2887 2082 2943 2121 ut

1639 2148 1959 2204 Phoenicibus,
1981 2148 2063 2206 qui
2080 2148 2243 2192 Samiis
2265 2148 2492 2192 auxilium
2514 2147 2653 2191 laturi
2677 2154 2834 2202 erant,
2860 2135 2942 2191 oe·¹

1640 2229 1866 2264 curreret.
1885 2217 2212 2270 Πλεύσαντοςδ’
2231 2218 2381 2274 αὐτοῦ,
2395 2215 2615 2270 Μέλισσος
2634 2218 2657 2262 6
2676 2214 2954 2285 Ἰθαγένους,

1642 2290 1750 2355 ἀνὴρ
1776 2291 2026 2355 φιλόσοφος,
2045 2308 2300 2355 στρατηγων
2317 2289 2412 2336 τότε
2431 2310 2507 2348 της
2531 2287 2709 2352 Σάμου,
2726 2307 2956 2374 καταίρῃ,

1639 2362 1773 2420 νήσας
1785 2367 1859 2421 τῆς
1871 2362 2116 2425 ὀλιγότητος
2132 2365 2216 2408 τῶν
2234 2381 2337 2409 νεων
2354 2361 2382 2420 ἢ
2397 2365 2472 2420 τῆς
2491 2361 2687 2425 ἀπειρίας
2702 2363 2787 2408 τῶν
2805 2372 2958 2427 erpa-'²

1640 2439 1800 2499 τηγῶν,
1814 2433 2580 2490 ἔπεισετουςπολίταςὲπιθέσθαιτοῒς
2589 2433 2836 2493 Ἀθηναίοις.
2849 2436 2922 2483 Κα

1640 2526 1871 2571 γενομένης
1890 2527 1952 2570 μα
1953 2526 2036 2572 [11¹-
2057 2506 2309 2566 νικήσαντες
2328 2511 2366 2556 οἱ
2388 2507 2550 2569 Σάμιοι
2573 2506 2649 2555 καὶ
2665 2506 2848 2561 πολλοὺς
2861 2505 2964 2570 μὲνι

1642 2581 1784 2626 αὐτῶν
1822 2579 1979 2645 ἄνδρας
2015 2578 2196 2638 ἑλόντες,
2230 2578 2394 2634 πολλὰς
2407 2577 2452 2626 δὲ
2467 2583 2571 2634 ναῦς
2599 2575 2964 2642 διαφθείραντες,ἶ’·”

1641 2653 1832 2740 ἐχρῶντο
1868 2656 1922 2715 τῇ
1961 2651 2158 2716 θαλάσσῃ
2182 2671 2258 2699 και
2297 2651 2575 2728 παρετίθεντο
2589 2653 2675 2699 τῶν
2693 2649 2939 2716 ἀναγκαίων

1640 2723 1746 2789 πρὸς
1760 2723 1832 2771 τὸν
1845 2725 2035 2785 πόλεμον
2049 2723 2130 2771 ὅσα
2145 2724 2207 2786 μὴ
2221 2723 2426 2791 πρότερον
2446 2729 2565 2790 εἰχον
2583 2726 2681 2788 (01.
2705 2725 2794 2782 84,
2817 2731 2864 2780 4.
2890 2741 2932 2772 3.

1641 2797 1695 2843 C
1721 2797 1866 2860 441).
1904 2795 2018 2845 Ὑπὸ
2049 2795 2095 2844 δὲ
2125 2801 2198 2844 τοῦ
2221 2796 2442 2845 Μελίσσου
2465 2797 2541 2846 καὶ
2563 2796 2784 2863 Περικλέα
2809 2795 2938 2863 φησὶν

1642 2868 1771 2916 αὐτὸν
1799 2869 2015 2934 Ἀριστοτε
2003 2868 2097 2927 ’λης
2117 2873 2355 2928 ἡττηθῆναι
2374 2875 2685 2934 ναυμαχοῦντα
2704 2868 2932 2935 πρότερον.

2217 3007 2355 3064 [1501

1692 3085 1855 3138 [Etiam
1871 3086 1978 3129 cives
1988 3087 2162 3138 spoliare
2191 3087 2305 3127 bonis
2325 3087 2579 3138 tyrannicum
2608 3088 2684 3128 est.
2719 3085 2851 3137 nujus
2877 3086 2934 3126 rei

1640 3151 1918 3202 exemplum...
1940 3162 2062 3203 opera
2082 3152 2242 3203 publica
2264 3152 2371 3192 Sami
2386 3163 2410 3191 a
2429 3152 2632 3203 Polycrate
2653 3152 2771 3192 facta.
2783 3151 2800 3203 J

2236 3227 2337 3268 181.

1690 3301 1914 3342 Samiorum
1930 3301 2102 3353 populus
2116 3302 2430 3343 multiliteratus.
2449 3301 2572 3342 Samii
2591 3287 2699 3342 enim
2712 3312 2737 3342 3
2760 3300 2916 3352 tyranni
2926 3309 2935 3316 “

1637 3366 1688 3406 ad
1706 3367 1846 3407 incitas
1860 3367 2031 3417 redacti,
2046 3367 2099 3407 ob
2118 3367 2269 3407 civium
2294 3367 2503 3418 penuriam
2517 3377 2727 3408 servorum
2744 3365 2936 3407 frontibu

1635 3431 1700 3481 Jus
1714 3431 1887 3472 civitatis
1901 3431 2078 3483 quinque
2093 3432 2307 3473 stateribus
2319 3433 2464 3473 venale
2474 3431 2785 3484 inscripserunt,
2801 3431 2848 3472 ut
2866 3433 2920 3471 Ar

1637 3495 1679 3534 in
1701 3496 1930 3536 Samiorum
1941 3506 2029 3547 re.p
2050 3496 2185 3536 tradit.

2217 3570 2336 3623 [182.
2341 3570 2357 3624 ]

1688 3647 1855 3687 zanclaei
1868 3657 2019 3698 ,quum
2033 3646 2188 3688 Samios
2221 3647 2263 3687 in
2288 3646 2493 3688 civitatem
2519 3656 2633 3686 suam
2668 3644 2908 3697 recepissent

1638 3710 1710 3761 ipsi
1726 3711 1778 3750 ab
1793 3711 1851 3751 eis
1863 3711 2019 3762 expulsi
2033 3712 2141 3751 sunt.

2235 3786 2335 3828 183.

1688 3862 1840 3902 Avecto
1867 3860 2020 3902 Pericle
2046 3861 2229 3902 Melissus
2255 3859 2454 3910 Ithagenis
2483 3859 2588 3900 filius
2601 3889 2614 3910 ,
2649 3857 2903 3910 philosopbu'

1637 3928 1736 3967 tunc
1758 3927 1983 3967 Samiorum
2001 3927 2168 3978 praetor,
2196 3925 2282 3966 sive
2310 3925 2363 3966 ob
2382 3925 2545 3965 navium
2562 3925 2828 3976 paucitatem,
2849 3935 2918 3981 51,Ι

1637 3991 1690 4031 ob
1705 3990 1855 4031 ducum
1870 3990 2113 4042 imperitiam
2132 3989 2374 4041 contemptis
2402 3988 2606 4040 hostibus,
2629 3988 2713 4030 suis
2743 3999 2895 4043 1101511,>Δ
2932 3987 2934 3990 ’

1639 4058 1684 4095 ut
1709 4057 1966 4098 Athenienses
1982 4055 2262 4096 adorirentur.
2283 4053 2470 4106 sactoq'ue
2485 4054 2649 4106 proelio,
2667 4054 2788 4096 Samii
2802 4054 2842 4094 vi
2880 4058 2907 4084 ·’
2927 4091 2931 4095 .

1640 4121 1697 4160 113
1713 4121 1827 4172 potiti
1851 4123 1967 4171 sunt,
1985 4121 2123 4162 multis
2139 4121 2314 4161 hostium
2330 4121 2478 4172 captis,
2501 4120 2640 4162 multis
2658 4119 2827 4160 navibus
2851 4135 2859 4154 ·
2878 4149 2883 4153 ‚

1639 4183 1753 4236 ditis,
1765 4187 1805 4226 et
1817 4184 1959 4226 deinde
1970 4196 2080 4227 mare
2091 4186 2295 4238 tenentes,
2310 4183 2360 4225 ad
2373 4184 2522 4226 bellum
2535 4182 2775 4235 necessaria,
2788 4183 2890 4235 qul]
2907 4226 2931 4242 q·
