3008 4542
194 334 286 374 502

194 436 247 492 (7)
275 433 315 480 Τ
317 435 365 479 οὔ
387 429 431 478 δὲ
457 429 606 477 πλοίου
621 428 776 476 τούτου
793 428 1120 484 κατακλιθέντος
1146 430 1187 476 ἐν
1208 430 1261 493 τῇ
1276 427 1481 493 Ἀρμενίᾳ

193 503 253 550 ἔτι
284 503 410 591 μέρος
441 521 478 548 τι
518 502 559 547 ἐν
593 507 680 555 τοῖς
718 501 970 566 Κορδυαίων
1010 499 1127 565 ὄρεσι
1152 503 1228 562 τῆς
1265 498 1488 564 Ἀρμενίας

193 573 421 638 διαμενειν,
444 572 519 620 καί
541 592 657 627 τινας
682 572 768 621 ἀπὸ
787 578 860 621 τοῦ
887 572 1037 621 πλοίου
1063 592 1149 634 κου
1155 572 1252 627 ιζειν
1278 571 1488 626 ἀποξύον-

196 667 272 700 τας
298 646 530 712 ἄσωαλτον,
551 649 743 721 χρᾶσθαι
766 644 811 692 δὲ
841 648 950 710 αὐτῇ
972 646 1075 710 πρὸς
1094 665 1191 698 τους
1221 647 1488 707 οἷποτροπια·

193 717 340 782 σμούς.
377 718 431 766 Γ
433 717 612 772 λθοντας
633 722 705 764 οὐν
726 717 897 772 τούτους
930 719 986 772 εἷς
1006 716 1250 766 Βαὸυλῶνα
1277 715 1332 762 τά
1370 734 1417 762 τε
1443 717 1491 762 ἐκ

196 791 429 857 Σισπάρων
448 789 691 856 γράαματα
716 790 918 853 ἀνορύξαι
939 810 1014 839 και
1043 785 1188 843 πόλεις
1218 787 1382 842 πολλὰς
1398 786 1489 834 κτί-

195 868 342 920 ζοντας
362 863 436 911 καὶ
473 861 571 928 ἱερὰ
612 862 974 929 ἀνιδρυσαμένους
1013 859 1391 910 πάλινιέπικτίσαι
1415 858 1493 917 τὴν

195 936 454 986 Βαὸυλῶνα.

259 1009 436 1059 Ἰούτων
457 1007 547 1066 δὴ’
525 1027 609 1055 απο
629 1007 723 1056 ἐΑλ
727 1006 902 1072 ξάνδρου
915 1012 985 1055 τοῦ
1003 1002 1391 1070 Πολυίστορος,ὁ)ς
1411 1003 1498 1052 ἀπὸ

196 1081 434 1148 Βηρώσσου
463 1085 536 1129 τοῦ
557 1080 611 1128 τὰ
636 1079 867 1130 Χαλδαϊκὰ
890 1081 1253 1145 ψευδηγοροῦντος
1269 1075 1498 1143 προκειμέ-

194 1175 277 1203 νων
298 1157 392 1202 κτλ.

263 1225 595 1291 Σιππάρων]
636 1248 655 1268 α
696 1228 1063 1287 Sipparenorum
1093 1226 1282 1282 urbem,
1317 1225 1400 1268 ubi
1425 1223 1502 1270 dei

191 1302 319 1361 jussu
335 1301 506 1346 dicitur
523 1299 866 1363 abscondidisse
883 1300 1132 1345 Xisuthrus
1149 1309 1255 1345 ante
1273 1299 1500 1344 diluvium

196 1373 343 1418 libros
366 1373 424 1417 de
458 1372 611 1431 prima
628 1386 786 1415 rerum
808 1373 1043 1433 origine...
1071 1372 1266 1416 eandem
1292 1387 1386 1416 esse
1411 1387 1500 1431 pu-

198 1447 392 1491 taverim
410 1461 516 1489 cum
534 1442 822 1503 Hippareno,
837 1445 918 1489 ubi
932 1446 1083 1489 Plinio
1105 1452 1216 1488 teste
1238 1442 1321 1504 (H.
1339 1445 1395 1490 N.
1418 1445 1498 1503 VI,

201 1517 284 1578 30)
304 1519 353 1562 in
365 1517 519 1562 schola
538 1515 761 1569 doctrinae
777 1532 942 1562 arcana
958 1517 1204 1562 tradebant
1216 1516 1417 1568 Chaldaei
1434 1516 1501 1560 di-

198 1591 401 1650 scipulis.
426 1591 482 1634 In
501 1604 582 1633 sua
603 1586 722 1634 urbe
737 1590 973 1634 malebant
993 1591 1196 1635 evenisse
1210 1624 1222 1645 ,
1244 1605 1345 1648 quae
1370 1598 1501 1634 erant

198 1672 459 1708 memoratu
499 1662 656 1722 digna.
697 1662 831 1706 Idem
871 1662 1061 1707 fortasse
1095 1662 1394 1707 statuendum
1442 1662 1500 1706 de

198 1736 597 1795 Borsippenorum
615 1734 794 1793 oppido
815 1733 884 1794 (v.
901 1735 960 1778 fr.
987 1751 1004 1778 ι
1016 1735 1087 1794 6),
1103 1750 1198 1794 quo
1215 1750 1260 1779 se
1276 1735 1502 1794 recepisse

201 1808 374 1853 dicitur
408 1823 436 1853 a
467 1809 645 1852 Beroso
677 1807 1047 1866 Babyloniorum
1070 1824 1154 1852 rex
1194 1808 1384 1851 ultimus
1405 1808 1501 1852 Na-

201 1878 448 1924 bonnedus
463 1913 476 1935 ,
521 1895 666 1938 quum
720 1878 934 1939 Babylon
981 1881 1093 1924 urbs
1142 1896 1169 1925 a
1205 1880 1325 1939 Cyro
1366 1881 1503 1924 Persa

203 1961 574 2013 oppugnaretur.
612 1953 681 2011 Si,
720 1968 822 2011 quae
845 1954 1186 1997 nonnullorum
1210 1962 1276 1996 est
1311 1953 1501 2012 opinio,

199 2026 357 2085 potius
375 2025 682 2084 Xenophonti
703 2023 898 2086 (Cyrop.
927 2027 1030 2082 VII,
1055 2024 1081 2069 5
1095 2025 1307 2086 >credere
1328 2025 1500 2069 debea-

200 2113 325 2154 mus,
361 2097 600 2157 Babylone
623 2098 674 2140 in
701 2099 817 2141 urbe
841 2100 939 2157 ipsa
971 2098 1206 2143 obsessum
1230 2107 1275 2142 et
1307 2097 1500 2141 interfe-

203 2180 330 2216 ctum
360 2186 453 2214 esse
475 2169 818 2214 Nabonnedum
835 2204 846 2226 ,
869 2185 925 2214 eo
951 2171 1051 2230 ipso
1075 2186 1175 2214 non
1199 2171 1301 2215 leve
1324 2170 1504 2214 accedit

138 2268 142 2271 -
203 2244 272 2287 rei
293 2250 461 2286 nostrae
487 2249 794 2285 momentum.
823 2243 881 2285 111
918 2257 1047 2286 suam
1070 2243 1262 2299 urbem,
1293 2251 1340 2286 et
1373 2243 1503 2302 quasi

203 2313 263 2358 ad
287 2330 357 2370 se,
384 2314 601 2358 omnibus
625 2315 820 2370 amissis,
841 2315 1100 2375 confugisse
1117 2349 1130 2370 ,
1166 2316 1325 2374 ibique
1350 2316 1504 2360 obses-

203 2402 303 2430 sum
317 2395 362 2431 et
375 2386 578 2445 denique
593 2396 781 2446 captum
794 2402 887 2433 csse
903 2388 1122 2432 ultimum
1133 2388 1502 2448 Babyloniorum

204 2474 382 2521 regem,
423 2459 662 2505 Chaldaeus
696 2468 861 2505 auctor
883 2476 1000 2506 vane
1026 2461 1329 2522 gloriabatur.
1365 2483 1385 2502 n
1410 2464 1502 2507 R1-

204 2544 374 2578 cfl'rEn.
409 2548 458 2591 p.
494 2547 575 2576 20.
599 2532 716 2593 —§
748 2548 772 2590 7
798 2536 873 2578 τοῦ
899 2530 942 2579 δὲ
974 2531 1184 2580 πλοίου....
1226 2535 1504 2598 ἀποτροπια-

206 2601 365 2666 σμοὺς]
393 2620 419 2649 e
440 2607 616 2650 Beroso
638 2607 749 2650 citat
773 2608 911 2651 etiam
936 2608 1166 2666 ,Iosephus
1183 2609 1294 2652 Ant.
1320 2609 1430 2656 Jud.
1458 2611 1502 2666 I,

207 2677 252 2731 3,
269 2677 315 2732 6,
339 2686 478 2736 atquc
495 2693 549 2723 ex
567 2679 773 2738 Josepho
785 2679 952 2726 Euseb.
972 2679 1023 2727 P.
1043 2682 1098 2724 E.
1122 2681 1207 2737 IX,
1226 2696 1245 2724 1
1259 2692 1366 2741 1,.p.
1390 2686 1502 2738 414,

203 2751 269 2806 B;
293 2752 495 2794 Zonaras
526 2767 581 2810 p.
608 2767 693 2811 193
718 2752 1031 2812 Hieronymus
1061 2754 1131 2797 De
1161 2754 1260 2798 loc..
1283 2754 1500 2800 Hebraic.

205 2838 253 2864 v.
275 2824 466 2867 Arm-at.
492 2824 558 2868 Cf.
583 2824 802 2869 Nicolaus
822 2826 956 2871 Dam.
980 2825 1036 2872 fr.
1063 2841 1140 2882 77.

272 3004 501 3064 Iosephus
533 3007 641 3050 Ant.
667 3006 776 3052 Jud.
807 3008 857 3062 Ι,
885 3023 934 3063 7,

208 3074 367 3164 πατρὸς
385 3077 507 3135 ἡμῶν
526 3073 745 3138 Ἀὸράμου
768 3078 832 3132 Βη
841 3076 1004 3140 ρωσσὸς
1023 3081 1099 3124 οὐκ
1115 3076 1352 3139 ὀνομάζων,
1371 3078 1507 3140 λέγων

211 3146 253 3193 δὲ
279 3145 434 3199 οὕτως
476 3169 493 3187 α
537 3146 665 3194 Μετὰ
702 3147 773 3194 τὸν
810 3149 1120 3211 κατακλυσμὸν
1157 3149 1316 3212 δεκάτῃ
1356 3158 1505 3217 γενεᾶ,

208 3218 330 3284 παρὰ
352 3218 587 3272 Χαλδαίοις
613 3238 677 3272 τις
699 3223 750 3278 ἠν
777 3220 984 3274 δίκαιος’
962 3223 1069 3285 ανὴρ
1105 3223 1176 3268 καὶ
1200 3221 1340 3285 μέγας
1355 3222 1428 3269 καὶ
1451 3222 1507 3270 τὰ

209 3292 385 3358 οὐράνια
407 3291 670 3356 ἔμπειρος.»
818 3359 830 3420 (
890 3359 903 3420 )

276 3446 431 3493 Moses
468 3445 755 3493 Chorenens.
792 3448 908 3494 Hist.
956 3450 1086 3494 Arm.
1118 3450 1161 3504 Ι,
1187 3466 1229 3494 0.
1269 3447 1295 3493 5
1327 3465 1338 3495 z
1379 3452 1508 3496 Mihi

210 3542 2875 3567 Ἣψ--ῂ-Ἣ

210 3595 385 3625 erasum
405 3584 591 3623 bitumen
612 3584 790 3635 quidam
810 3586 911 3626 inde
939 3586 1054 3636 rejei
1057 3591 1162 3633 unt
1183 3590 1358 3630 remedii
1384 3602 1510 3631 amu·

213 3647 373 3698 letique
394 3656 528 3686 causa
548 3646 608 3686 ad
637 3647 838 3696 infausta
869 3660 1046 3700 quaeque
1066 3653 1510 3695 averruncanda.1lli

213 3714 358 3752 autem
389 3711 647 3762 Babylonem
671 3711 879 3762 profecti,
904 3715 1034 3754 libros
1055 3726 1109 3755 ex
1127 3717 1232 3756 urbe
1257 3720 1425 3769 Siparis
1449 3721 1509 3770 ‹ff-

214 3776 395 3824 fodisse,
419 3776 576 3828 oppida
602 3778 744 3817 nialla
768 3779 1006 3820 condidisse
1022 3780 1163 3830 ,fana
1193 3786 1376 3824 Deorum
1391 3787 1510 3826 stru-

212 3844 351 3887 xisse,
375 3841 719 3894 Babylonemque
735 3846 973 3885 restituisse
982 3845 1211 3894 feruntur.
1268 3848 1390 3900 [Quae
1407 3850 1509 3890 hac·

216 3908 338 3946 tenus
354 3905 471 3945 dicta
489 3908 591 3946 sunt
606 3919 617 3956 3
631 3909 931 3959 praetereaque
954 3911 1091 3949 turris
1108 3912 1342 3961 aedificium
1358 3925 1511 3955 memo·

215 3970 291 4008 rat
313 3969 554 4018 Polylzistor
584 3979 707 4020 paene
725 3969 784 4010 ad
811 3970 989 4012 literam
1015 3983 1112 4013 cum
1132 3974 1257 4015 libris
1278 3978 1405 4018 Mosis
1435 3977 1511 4018 hoc

215 4035 340 4082 pacto
356 4036 634 4074 consentiens.
662 4033 764 4074 Vide
787 4035 832 4074 fr.
859 4034 952 4085 10.]

843 4144 886 4184 8.

272 4242 398 4284 Patris
427 4247 549 4285 nostri
569 4246 780 4287 Abrahami
797 4247 917 4288 etiam
934 4250 1125 4299 Berosus,
1150 4260 1358 4301 suppresso
1377 4253 1510 4293 tamen

218 4307 398 4355 nomine,
415 4308 475 4349 his
491 4310 623 4350 verbis
645 4311 823 4351 meminit
843 4327 851 4351 :
883 4327 899 4346 «
922 4314 1013 4353 Post
1037 4312 1231 4354 diluvium
1262 4305 1511 4363 generatione

1287 308 1506 370 BEssosi
1543 320 1850 371 CHALDAEr

1543 933 1545 935 ¹
1576 938 1774 983 Cleamus
1792 949 1842 983 et
1862 936 2136 1002 Japbetus.)
2169 942 2255 994 Hi,
2289 949 2341 984 ut
2368 940 2531 994 tradit,
2575 955 2711 999 quum
2744 941 2870 984 orbis

1547 1137 1549 1145 ἶ
1574 1099 1793 1128 accensus
1815 1089 1974 1129 ceteris
1992 1085 2210 1130 ambobus
2243 1087 2477 1130 dominari
2503 1087 2654 1130 voluit
2672 1087 2868 1131 Zemm-

1551 1232 1554 1235 ’
1575 1242 1728 1286 regem
1743 1261 1757 1284 ,
1779 1226 1928 1282 fuisse
1948 1229 2086 1283 dicit,
2104 1227 2293 1288 quisuit
2314 1231 2560 1275 Medorum
2581 1234 2876 1290 principium

1545 2535 1549 2538 ”
1574 2531 1910 2589 persuadendi,
1949 2539 1997 2574 ut
2027 2541 2195 2575 ceteros
2213 2546 2385 2591 pueros
2407 2542 2725 2585 comesvarent
2742 2542 2880 2593 atque

1554 2888 1557 2892 ’
1582 2892 1818 2950 relinquo.
1842 2892 1976 2936 Idem
1994 2893 2117 2936 valet
2137 2893 2195 2937 de
2215 2894 2270 2937 iis
2285 2927 2297 2950 ,
2317 2909 2418 2953 quae
2441 2909 2496 2938 ex
2523 2893 2698 2954 Sibylla
2722 2904 2879 2940 nostra

961 3022 986 3050 2
1015 3021 1026 3052 ε
1062 3004 1340 3066 Μνημονεύει
1366 3006 1410 3053 δὲ
1433 3011 1506 3054 τοῦ
1552 3054 1556 3058 .

1564 445 1677 475 vero
1713 428 1889 475 libitum
1919 439 1992 475 est
2022 433 2302 475 narrationis
2341 446 2461 476 meoe
2496 435 2676 478 initium
2713 435 2858 479 ordiri

1565 518 1591 547 e
1614 504 1786 547 dilecta
1821 519 1926 548 mea
1948 507 2196 563 ceterisque
2230 507 2469 548 veraciore
2500 504 2683 558 Sibylla
2715 507 2860 550 Bero-

1566 577 1705 621 sinna
1712 610 1724 630 ,
1752 591 1857 635 quoe
1876 575 1980 620 kcec
1997 577 2113 620 dicit
2131 591 2146 619 .-
2168 595 2187 616 «
2209 577 2330 620 Ante
2350 579 2505 620 turrim
2529 593 2585 621 ac
2594 581 2862 638 priusquam

1567 652 1747 708 generis
1767 648 1963 692 humani
1986 664 2135 693 sermo
2158 649 2403 708 multiplex
2422 646 2588 704 sactus
2605 659 2677 694 est
2705 659 2754 694 et
2772 665 2864 694 va-

1570 724 1686 774 rius,
1705 731 1821 781 post
1832 721 2046 765 Xisutlzri
2070 730 2223 765 autem
2250 725 2298 765 in
2318 723 2583 765 Armeniam
2603 726 2864 784 navigatio·
2954 782 2956 786 λ

1570 808 1700 849 nem,
1734 793 2017 848 Zerovanus,
2056 794 2194 838 Titan
2232 808 2289 837 ac
2308 793 2598 853 Iapetostlzes
2610 798 2889 854 principa-‚
2948 807 2973 843 ξ

1571 859 1664 909 tum
1686 875 1820 910 terroe
1839 876 2034 912 tenuere.
2062 864 2177 926 (Qui
2191 866 2310 910 mibi
2327 867 2546 910 videntur
2562 881 2658 910 esse
2675 866 2856 922 Semus,

1574 1016 1711 1056 totius
1762 1016 2004 1072 imperium
2026 1017 2147 1056 inter
2175 1025 2225 1056 se
2249 1016 2415 1078 partiti
2445 1022 2611 1066 essent,
2651 1014 2869 1072 superbia
2898 1036 2907 1047 x

1547 1169 1680 1207 ’11.113
1709 1171 1840 1214 quem
1860 1155 1934 1199 bic
1956 1158 2240 1201 Zoroastrem
2262 1158 2487 1216 Magum,
2518 1158 2875 1204 Bactrianorum·

1576 1316 1633 1343 ac
1657 1301 1841 1344 deorum
1865 1311 2038 1361 pater,
2064 1304 2253 1361 aliaque
2278 1304 2424 1346 multa
2446 1303 2506 1346 de
2531 1317 2584 1346 eo
2597 1299 2874 1359 fabulatur,

1576 1389 1682 1432 quoe
1697 1389 1817 1417 1111110
1834 1383 2036 1433 repetere
2059 1378 2258 1418 instituto
2275 1384 2425 1419 nostro
2444 1376 2644 1420 alienum
2671 1385 2752 1422 est.
2772 1378 2807 1420 I
2805 1386 2872 1421 ta·

1576 1462 1662 1505 que
1683 1447 1929 1501 Zerovano,
1959 1457 2010 1490 ut
2023 1444 2188 1504 refert,
2213 1451 2313 1491 vim
2330 1443 2557 1504 asserenti
2586 1449 2720 1494 Titan
2737 1450 2872 1509 Iape—

1578 1518 1827 1579 tostlcesque
1838 1523 2109 1574 restiterunt,
2131 1520 2336 1579 belloque
2350 1535 2449 1563 cum
2465 1535 2519 1564 eo
2531 1521 2871 1578 contenderunt,

1573 1601 1818 1652 propterea
1836 1593 1960 1652 quod
1970 1592 2013 1651 fi
2013 1594 2098 1637 lios
2112 1608 2221 1645 suos
2238 1607 2369 1651 reges
2382 1593 2591 1637 omnibus
2605 1597 2880 1640 constituere

1579 1658 1827 1716 cogitabat.
1881 1653 2043 1716 Quam¹
2075 1661 2195 1702 inter
2224 1662 2600 1703 concertationem
2637 1664 2875 1719 occupavit

1584 1730 1721 1773 Titan
1759 1739 1942 1790 partem
1982 1732 2190 1790 aliquam
2225 1746 2286 1774 ex
2325 1729 2618 1775 hereditariis
2650 1732 2878 1776 Zerovant'
2950 1771 2954 1778 ,,

1569 1803 1757 1862 finibus.
1788 1805 1831 1847 T
1825 1819 1901 1847 um
1924 1819 2024 1847 vero
2048 1808 2335 1863 interponens
2355 1818 2406 1847 se
2419 1819 2546 1848 soror
2557 1819 2710 1849 eorum
2737 1806 2874 1849 Astli-
2985 1854 2989 1865 ,-

1577 1880 1654 1919 cia
1683 1879 1779 1919 suis
1809 1877 2118 1920 delinimentis
2152 1878 2392 1920 tumultum
2429 1877 2623 1932 sedavit,
2671 1881 2876 1938 interque
2944 1866 2946 1869 ¹
2985 1868 2992 1882 ²

1576 1963 1654 1992 eos
1685 1949 1998 2003 conveniebat,
2037 1958 2089 1993 ut
2109 1952 2344 2008 imperium
2369 1950 2634 2002 ‚Zerovanus
2665 1949 2872 1997 baberet.

1575 2022 1610 2064 J
1609 2022 1886 2079 urejurando
1900 2031 2050 2066 autem
2072 2025 2189 2066 inter
2203 2037 2252 2066 se
2262 2026 2566 2083 paciscuntur,
2586 2038 2683 2068 sese
2695 2039 2878 2070 omnem

1576 2094 1792 2154 deinceps
1809 2095 2034 2139 Zerovani
2055 2100 2241 2154 stirpem
2266 2097 2444 2140 virilem
2467 2092 2802 2152 interfecturos,
2827 2107 2878 2141 ut

1576 2180 1635 2209 ne
1644 2168 1808 2225 proles
1822 2171 1921 2223 ejus
1937 2171 2050 2227 ipsis
2063 2172 2340 2227 imperaret,·
2361 2169 2428 2211 ad
2442 2182 2633 2227 eamque
2651 2185 2747 2213 rem
2762 2179 2875 2214 stre·

1577 2254 1690 2282 nuos
1704 2240 1922 2299 quosdam
1940 2255 2002 2284 ex
2021 2241 2262 2284 Titanibus
2275 2244 2401 2285 viros
2416 2242 2652 2286 mulierum
2662 2244 2878 2302 partibus
2950 2255 2953 2258 '

1573 2311 1854 2371 praeficiunt.
1896 2313 1988 2370 Qui
2024 2328 2160 2372 quum
2191 2313 2258 2355 ad
2279 2314 2592 2370 jurisjurandi
2616 2319 2881 2374 pactionem
2983 2306 2989 2313 ’

1578 2393 1818 2428 necassent
1837 2384 1971 2439 duos,
2000 2400 2129 2429 soror
2144 2400 2297 2428 eorum
2316 2385 2515 2428 Astlicia
2530 2401 2631 2431 011111
2651 2387 2880 2431 Zerovanc‘
2987 2448 2992 2449 ⁷

1578 2454 1797 2501 uxoribus
1829 2459 2068 2502 consilium
2103 2459 2206 2512 init,
2251 2458 2525 2517 quibusdam
2555 2459 2614 2510 de
2644 2460 2879 2505 Titanibus
2936 2451 2940 2455 Δ

1581 2606 1629 2646 in
1651 2603 1883 2648 Orientem
1899 2613 2188 2664 asportarent
2205 2605 2271 2647 ad
2287 2613 2483 2648 montem
2500 2606 2726 2664 quendam
2742 2621 2877 2665 quem

1580 2675 1778 2718 Deorum
1799 2675 2058 2733 ConJectum
2076 2677 2397 2736 appellarunt,
2419 2681 2495 2736 qui
2515 2693 2637 2721 nunc
2662 2679 2879 2739 Olympus
2927 2683 2929 2685 ’
2983 2699 2987 2707 ’

1581 2756 1774 2792 vocatur.
1798 2767 1818 2787 »

1650 2820 1762 2863 Haec
1795 2828 2024 2878 quatenus
2066 2835 2123 2864 ex
2156 2822 2329 2866 Beroso
2359 2819 2609 2878 fluxerint,
2648 2822 2699 2866 in
2720 2822 2879 2868 medio

1582 2963 1726 3008 refert
1748 2964 2014 3009 Alexander
2038 2964 2316 3023 polyhistor.

2202 3074 2273 3102 10.

1647 3165 1844 3224 Syncell.
1868 3181 1918 3225 p.
1949 3170 2038 3220 44,
2069 3165 2142 3222 C:
2186 3162 2463 3229 Ἀλεξάνδρου
2492 3170 2565 3213 τοῦ
2594 3162 2879 3232 Πολυιστορος
2951 3185 2958 3235 j
2986 3186 2988 3188 ’

1581 3233 1680 3299 περὶ
1705 3254 1791 3291 της
1805 3235 2113 3299 πυργοποιίας
2134 3258 2154 3277 «
2178 3235 2372 3283 Σίὸυλλα
2399 3236 2444 3287 δέ
2469 3257 2616 3303 φησιν,
2644 3239 2877 3306 ὁμοφώνων

1582 3305 1713 3354 ὄντων
1733 3305 1906 3354 πάντων
1929 3308 2181 3372 ἀνθρώπων,
2194 3307 2311 3362 τινὰς
2330 3308 2491 3357 τούτων
2512 3308 2672 3376 πύργον
2688 3315 2879 3378 ὑπερμε-

1582 3378 1684 3441 γέθη
1708 3399 1747 3427 οι
1733 3381 2006 3442 κοδομησαι,
2027 3380 2142 3435 ὅπως
2169 3383 2226 3436 εἷς
2251 3381 2323 3428 τὸν
2347 3382 2524 3447 οὐρανὸν
2547 3383 2759 3435 suffici.
2788 3387 2879 3434 Τοῦ

1584 3450 1629 3498 δὲ
1654 3456 1748 3500 θεοῦ
1774 3451 1953 3514 ἀνέμους
1978 3453 2303 3519 ἐμφυσήσαντος
2329 3453 2566 3522 ἀνατρέψαι
2596 3456 2746 3512 αὐτοὺς
2764 3494 2778 3516 ,
2802 3457 2877 3505 καὶ

1586 3592 1741 3633 decima
1767 3594 1874 3644 apud
1901 3594 2113 3635 Chaldaeos
2131 3595 2193 3634 vir
2218 3595 2381 3646 quidam
2408 3598 2494 3637 erat
2505 3596 2637 3647 justus
2652 3599 2692 3637 ct
2711 3597 2880 3638 eximius

1585 3658 1628 3697 et
1646 3669 1780 3698 rerum
1795 3659 2022 3700 coelestium.
2045 3659 2209 3711 peritus.
2230 3675 2255 3695 »

2201 3762 2271 3803 10.

1637 3872 1698 3910 Ex
1728 3869 1954 3910 Alexandro
1986 3870 2230 3923 polyhistore
2264 3870 2315 3910 de
2343 3871 2465 3910 turris
2504 3870 2675 3922 opificio.
2731 3871 2879 3924 Sibylla
2986 3907 2989 3918 2

1585 3931 1673 3972 hoec
1688 3931 1785 3972 dicit
1807 3946 1816 3972 :
1839 3949 1857 3967 α
1874 3936 2008 3980 Quum
2027 3926 2198 3974 universi
2225 3933 2404 3973 homines
2421 3945 2500 3973 uno
2529 3935 2686 3986 eloquio
2715 3938 2878 3976 uteren-
2908 3946 2914 3961 ²
2959 3933 2990 3964 f*

1585 3998 1666 4046 tur,
1694 3997 1838 4037 turrim
1866 3997 2164 4039 aedificaverunt
2178 3998 2505 4047 excelsissimam,
2525 4000 2633 4049 quasi
2662 4000 2711 4040 ad
2732 4001 2876 4042 coelum
2897 4042 2899 4046 ,

1585 4073 1654 4112 per
1669 4072 1756 4102 eam
1777 4063 1991 4104 ascensuri.
2021 4062 2085 4102 Dii
2106 4074 2203 4103 vero¹
2213 4063 2395 4113 procellis
2424 4063 2608 4104 immissis
2629 4076 2696 4105 eos
2711 4059 2907 4109 subm-³

1585 4127 1743 4174 terunt,
1772 4127 1816 4166 et.
1848 4137 1959 4165 suam
1991 4127 2136 4176 cuique
2176 4127 2350 4177 linguam
2381 4127 2598 4178 dederunt3
2629 4140 2722 4180 quae
2743 4133 2863 4170 'cau
2888 4175 2890 4178 ,

1587 4190 1660 4229 fuit
1677 4220 1688 4239 ,
1705 4192 1752 4229 ut
1764 4190 1858 4229 urbs
1873 4190 1939 4229 ina
1958 4189 2170 4240 Babylonis
2186 4191 2424 4231 vocabulum
2446 4193 2654 4243 acceperit.
2713 4195 2803 4234 Post
2818 4192 2857 4232 di
2880 4199 2896 4251 ἰ

1585 4253 1738 4293 luvium
1755 4255 1887 4293 autem
1905 4254 2084 4294 Titanem
2106 4256 2144 4294 et
2161 4255 2443 4298 Prometheum
2463 4256 2670 4296 exstitisse.
2695 4273 2714 4291 »
2747 4258 2795 4297 Et
2816 4256 2880 4296 lii'

1585 4317 1744 4368 quidem
1763 4317 1890 4358 verbis
1906 4317 2123 4358 Alexander
2139 4318 2257 4360 uun-is
2273 4318 2428 4369 opificio
2445 4318 2714 4361 testimonium
2731 4319 2882 4371 fertem,¹
2910 4359 2911 4363 ,
