3016 4628
197 314 374 349 xxvltl

182 411 254 470 ’τῷ
280 411 354 470 ζῇν
381 406 502 473 ὅὸριν
534 408 586 466 ἢν
616 409 666 500 (2)
696 408 899 473 ὑπέμεινε
921 413 994 460 καὶ
1028 412 1105 471 τὴν
1143 414 1303 474 αἷκίαν,
1338 414 1414 463 σὺν
1452 416 1495 464 δὲ

192 479 356 533 τούτοις
384 479 433 526 τὸ
470 481 567 545 περὶ
590 481 668 539 τὴν
693 484 897 541 τελευτὴν
931 486 1163 550 ἀτύχημα,
1193 490 1250 542 εἷς
1282 490 1497 548 τοσαύτην

191 552 468 615 παράστασιν
490 553 717 602 ενέπιπτον
737 557 812 604 και
837 558 1145 622 δυσθυμίαν,“
1111 580 1222 608 ωστε
1247 561 1392 626 πληρη
1424 581 1494 624 γε·

191 623 338 672 νέσθαι
367 626 445 684 τὴν
477 626 602 674 πόλιν
636 636 906 693 στεναγμοῦ,
935 633 1146 698 δακρύων,
1170 635 1361 698 οἰμωγῆς
1387 637 1497 682 ἀκα-

190 697 460 746 ταπαύστου.
556 703 712 749 Ταυτα
754 704 788 750 δ’
829 708 880 761 ἠν
915 712 1003 759 τοῖς
1039 707 1172 769 ὀρθῶς
1211 706 1497 768 λογιζομένοις

191 772 272 836 οὐχ
310 771 423 820 ούτω
447 793 523 831 της
558 794 662 840 προς
685 775 905 840 Ἀρσινόην
931 777 1092 831 εὐνοίας
1124 798 1362 843 τεκμηρια,
1385 779 1494 827 πολυ

188 843 233 889 33
276 847 441 905 μᾶλλον
487 851 560 893 τοῦ
605 867 711 912 προς
755 869 851 902 τους
893 850 992 914 περὶ
1025 851 1285 914 Ἀγαθοκλέα
1326 852 1492 914 μίσους.

189 916 246 964 ‘0
272 916 316 964 33
341 919 668 984 προειρημένος,
695 922 841 979 ἐπειδὴ
864 923 938 976 τὰς
963 924 1130 987 ὑδρείας
1164 928 1220 978 εἰς
1251 924 1347 978 τους
1369 929 1494 990 βασι-

188 989 331 1044 λικους
345 991 484 1046 οἴκους
498 993 642 1054 ἔθηκε,
663 996 960 1058 παραγγείλας
973 996 1208 1044 ἀποθέσθαι
1230 995 1282 1044 τὰ
1300 998 1406 1063 φαιὰ
1421 1000 1492 1062 (3),

187 1066 357 1126 πρῶτον
384 1065 460 1126 μὲν
493 1065 672 1157 διμήνου
711 1067 783 1121 τὰς
815 1067 1014 1130 δυνάμεις
1043 1069 1310 1135 ὠψωνίασεν,
1334 1090 1493 1117 πεπει-

187 1134 341 1197 σμένος
363 1137 411 1184 τὸ
442 1139 561 1202 παρὰ
597 1147 682 1192 τοῖς
707 1142 879 1194 πολλοῖς
908 1142 942 1204 (4
926 1141 959 1206 4)
995 1161 1117 1203 μισος
1156 1142 1390 1204 ἇμὸλύνειν
1423 1143 1492 1190 διὰ

187 1212 263 1265 τῆς
293 1209 398 1273 πρὸς
429 1210 477 1257 τὸ
507 1212 724 1267 λυσιτελὲς
755 1216 892 1300 ὁρμῆς
931 1217 1095 1262 αὐτων·
1123 1220 1218 1262 εἶτα
1244 1215 1490 1280 ἐνεξώρκισε

186 1280 259 1326 τὸν
296 1300 435 1346 ορκον,
476 1283 522 1330 ὃν
565 1288 675 1342 ἦσαν
713 1287 894 1346 ὀμνύναι
931 1285 1160 1349 εἷθισμενοι
1194 1287 1306 1335 κατὰ
1335 1286 1411 1342 τὰς
1438 1292 1489 1352 (5)

185 1354 420 1410 ἀναδείξεις
471 1376 555 1403 των
607 1358 839 1422 βασιλέων·
888 1360 1163 1414 ἐξαπέστειλε
1189 1359 1248 1407 -δὲ
1293 1381 1367 1408 και
1401 1364 1491 1410 Φι-

183 1427 428 1490 λάμμωνα,
470 1429 541 1477 τὸν
596 1431 831 1478 ἐπιστάντα
873 1434 934 1498 τῷ
978 1435 1053 1490 τῆς
1093 1433 1309 1498 Ἀρσινόης
1351 1433 1489 1500 φόνῳ,

181 1502 367 1558 ποιήσας
394 1501 522 1549 αὐτὸν
548 1503 806 1568 Λιὸυάρχην
843 1507 926 1550 τῶν
964 1504 1077 1551 κατὰ
1094 1506 1297 1571 Κυρήνην
1328 1507 1487 1554 τόπων·

181 1572 230 1619 τὸ
260 1573 302 1620 δὲ
326 1574 497 1622 παιδίον
527 1577 783 1641 ἐνεχείρισεν
819 1584 906 1631 τοῖς
931 1577 1029 1642 περὶ
1065 1575 1141 1636 τὴν
1173 1579 1390 1638 Οἰνάνθην
1414 1581 1488 1628 καὶ

182 1644 501 1709 Ἀγαθόκλειαν.
575 1648 703 1697 Μετὰ
723 1651 766 1696 δὲ
791 1654 930 1696 ταῦτα
955 1650 1138 1699 Πέλοπα
1166 1651 1244 1714 μὲν
1273 1651 1487 1720 ἐξέπεμψε

179 1720 252 1765 τὸν
283 1720 480 1775 Πέλοπος
503 1722 560 1777 εἷς
580 1721 656 1779 τὴν
677 1722 822 1769 Ἀσίαν
847 1722 952 1788 πρὸς
973 1723 1186 1788 Ἀντίοχον
1208 1726 1278 1772 τὸν
1303 1727 1511 1790 βασιλέας

178 1793 541 1856 παρακαλέσοντα
564 1802 788 1860 συντηρεῖν
812 1794 890 1854 τὴν
916 1795 1061 1861 φιλίαν
1082 1797 1156 1845 καὶ
1179 1797 1240 1858 μὴ
1267 1793 1521 1863 παραὸαί-’ἔκ

1375 1875 1487 1920 Πτο-

177 1884 264 1912 νειν
284 1865 362 1920 τὰς
386 1868 494 1931 πρὸς
513 1866 591 1925 τὴν
613 1873 686 1915 τοῦ
707 1868 859 1923 παιδὸς
878 1870 1046 1935 πατέρα
1067 1870 1302 1929 συνθήκαςι

176 1939 356 1998 λεμαῖον
379 1939 434 2005 (6)
460 1939 503 1987 33
524 1939 595 1987 τὸν
617 1941 833 1989 Σωσιὸίου
857 1941 964 2007 πρὸς
980 1942 1219 2002 Φίλιππον,
1237 1943 1291 1990 τά
1316 1963 1362 1992 τε
1386 1945 1508 2010 περὶ“’

175 2014 253 2066 τῆς
277 2012 515 2074 ἐπιγαμίας
539 2013 852 2076 συνθησόμενον
877 2015 952 2063 καὶ
989 2016 1353 2080 παρακαλέσοντα
1381 2021 1483 2081 βοη-

173 2087 278 2141 θεῖν,
305 2083 377 2130 ἕὰν
409 2084 767 2151 ὁλοσχερέστερον
805 2086 959 2142 αὐτοὺς
983 2087 1197 2153 Ἀντίοχος
1221 2089 1483 2148 ἐπιὸάληται

595 2159 934 2224 Προεχειρίσατο
988 2161 1032 2207 δὲ
1086 2161 1160 2208 καὶ
1205 2163 1482 2224 Πτολεμαῖον

175 2228 248 2274 τὸν
275 2229 548 2295 Ἀγησάρχου
575 2232 847 2296 πρεσὸευτὴν
872 2233 977 2297 πρὸς
1011 2233 1283 2296 εΡωμαιόυς,
1312 2238 1393 2300 οὐχ
1425 2240 1481 2291 ὡς

174 2301 489 2350 ἐπισπεύσοντα
516 2303 592 2362 τὴν
618 2305 867 2368 πρεσὸείαν,
902 2308 998 2353 ἀλλ’
1032 2310 1090 2361 ὡς
1125 2306 1176 2354 ἂν
1204 2307 1368 2372 ἅψηται
1404 2313 1482 2366 τῆς

173 2373 383 2428 Ἑλλάδος
408 2375 481 2422 καὶ
507 2376 697 2442 συμμίξῃ
718 2385 805 2431 τοῖς
830 2380 917 2425 ἐκεῖ
938 2378 1075 2445 φίλοις
1100 2379 1174 2427 καὶ
1210 2381 1477 2444 συγγενέσιν,

173 2449 302 2494 αὐτοῦ
331 2454 679 2509 καταμενοῧντα·
701 2449 926 2514 προέκειτο
946 2451 1030 2517 γὰρ
1056 2454 1171 2517 αὐτῳ
1195 2453 1363 2508 πάντας
1386 2453 1481 2510 τους

172 2522 390 2585 ἐπιφανεῖς
456 2521 615 2656 ἄνδρας)
669 2523 863 2570 ἐκποδὼν
919 2544 1100 2583 ποιησαι
1160 2525 1202 2582 ἐξ
1260 2527 1476 2582 ἀπιστίας.

172 2585 434 2654 [Ἔξαπέστε
441 2593 600 2656 ιλε](7
655 2593 699 2641 33
741 2615 815 2642 και
848 2595 1031 2644 Σκόπαν
1063 2596 1135 2644 τὸν
1171 2598 1369 2645 Αἰτωλὸν
1405 2599 1477 2647 ἐπὶ

172 2663 410 2727 ξενολογίαν
447 2668 504 2719 εἷς
535 2666 869 2727 τὴνἙλλάδα,
894 2669 1056 2726 πλῆθος
1093 2669 1272 2734 χρυσίου
1313 2671 1478 2726 συνθεὶς

172 2739 230 2791 εἰς
267 2738 322 2783 τὰ
356 2738 629 2802 προδόματα.
715 2740 816 2788 Δύω
853 2740 937 2806 γὰρ
979 2740 1080 2805 ἔσχε
1116 2741 1335 2806 προθέσεις
1370 2742 1476 2809 ὑπὲρ

170 2810 329 2868 ταύτης
352 2815 428 2868 τῆς
452 2811 675 2869 ἐπιὸολῆς·
702 2812 808 2875 μίαν
835 2812 913 2876 μὲν
944 2815 1221 2878 ἀποχρῆσθαι
1243 2822 1328 2870 τοῖς
1361 2814 1475 2871 ξενο-

171 2885 411 2947 λογηθεῗσιν
438 2886 495 2937 εἷς
529 2884 601 2931 τὸν
636 2886 741 2948 πρὸς
780 2886 994 2950 Ἀντίοχον
1028 2887 1233 2950 πόλεμον,
1259 2888 1396 2947 ἄλλην
1430 2889 1473 2937 33

172 2955 266 3011 τοὺς
291 2956 494 3021 ἀρχαίους
517 2958 589 3004 καὶ
611 2959 972 3024 προϋπάρχοντάς
1001 2963 1039 3007 οἳ
1077 2961 1127 3024 (8)
1166 2960 1302 3016 ξένους
1326 2961 1396 3009 ἐπὶ
1421 2961 1474 3008 τὰ

169 3027 282 3074 κατὰ
298 3029 376 3087 τὴν
398 3029 545 3094 χώραν
564 3030 745 3095 φρούρια
768 3033 841 3078 καὶ
861 3031 936 3086 τὰς
956 3035 1178 3087 κατοικίας
1198 3034 1478 3093 ἀποστεῖλαι,

171 3108 258 3155 τοῖς
276 3101 320 3148 33
340 3102 704 3166 παραγενομένοις
731 3108 1047 3170 ἀναπληρῶσαι
1070 3106 1144 3154 καὶ
1170 3110 1474 3164 καινοποιῆσαι

168 3174 248 3231 τὴν
274 3174 504 3240 θεραπείαν
526 3175 601 3222 καὶ
622 3175 676 3222 τὰ
694 3177 794 3241 περὶ
814 3177 890 3235 τὴν
914 3178 1049 3236 αὐλὴν
1074 3181 1309 3245 φυλακεῖα,
1329 3199 1471 3244 παρα·

167 3248 362 3305 πλησίως
392 3249 442 3309 (9)
472 3248 514 3294 33
548 3248 621 3295 καὶ
642 3248 695 3295 τὰ
716 3249 828 3296 κατὰ
850 3250 927 3308 τὴν
961 3251 1097 3309 ἄλλην
1121 3252 1260 3311 πόλιν,
1285 3252 1469 3315 νομίζων

136 3339 138 3342 ·
166 3318 265 3374 τοὺς
301 3322 355 3367 δι’
395 3323 524 3368 αὐτοῦ
557 3320 907 3384 ξενολογηθέντας
933 3325 1007 3371 καὶ
1035 3326 1469 3387 μισθοδοτουμένους,

165 3392 250 3440 τῶν
284 3391 360 3455 μὲν
395 3394 715 3458 προγεγονότων
751 3396 903 3456 μηδενὶ
940 3397 1302 3459 συμπαθῆσοντας
1324 3397 1392 3445 διὰ
1422 3397 1470 3444 τὸ

165 3463 299 3527 μηδὲν
323 3464 565 3528 γινώσκειν,
585 3468 626 3513 ἐν
650 3468 767 3531 αὐτῷ
789 3468 833 3514 33
856 3468 933 3522 τὰς
964 3469 1140 3524 ἐλπίδας
1166 3469 1368 3535 ἔχοντας,
1393 3469 1469 3517 καὶ

174 2159 512 2219 παρασπονδεῖν.

751 302 834 350 ΕΚ
873 303 1003 352 ΤΗΣ
1039 305 1337 356 ΙΣΤΟΡΙΑΣ
1374 309 1704 360 ΠΟΛΥΒΙΟΥ
1741 314 2298 382 ΜΕΓΑΛΟΠΟΛῙΤΟῚ.

1574 426 1729 466 exitum
1755 427 1976 480 infelicem,
2009 430 2049 470 in
2067 433 2223 471 tantum
2244 431 2471 472 inciderunt
2500 443 2710 474 moerorem
2734 436 2775 476 et
2798 438 2876 478 trt-

1573 515 1744 566 sutiam,
1770 518 1815 557 ut
1838 519 2036 568 suspiriis,
2071 520 2264 570 lac-rimis,
2283 521 2568 561 lamentatione
2590 524 2684 564 urbs
2703 526 2878 576 replere-

1573 611 1651 649 tur.
1675 612 1777 655 Quac
1793 611 1955 661 quidem
1971 614 2079 652 recte
2095 614 2329 664 putantibus
2340 625 2423 654 non
2447 618 2602 657 tantum
2635 618 2877 660 benevolen-

1571 702 1642 741 tiae
1669 713 1760 752 erga
1777 704 1969 743 Arsinoen
1988 705 2094 755 signa
2115 707 2241 756 erant,
2260 707 2327 747 sed
2358 709 2484 748 multo
2512 711 2636 761 magis
2657 713 2879 762 Agathoclis

1573 794 1709 833 odium
1727 795 1990 835 testabantur.
2023 798 2212 836 Ceterum
2235 799 2492 850 Agathocles,
2514 804 2879 852 postquammrnas
2944 843 2948 847 .

1575 886 1614 925 in
1636 887 1817 938 sepulcra
1844 888 1951 938 regia
1982 889 2239 941 deposuerat,
2267 892 2420 932 luctum
2441 893 2586 944 deponi
2611 895 2777 947 jubens,
2795 899 2878 948 pria

1571 989 1684 1017 mum
1702 979 1862 1029 quidem
1882 979 2071 1021 bimestre
2094 983 2334 1033 stipendium
2352 985 2474 1035 copiis
2489 987 2688 1037 erogavit,
2713 999 2876 1038 persua—

1573 1082 1641 1112 sus
1650 1072 1706 1112 sic
1719 1073 1857 1112 odium
1868 1075 2134 1116 multitudinis
2151 1076 2334 1126 obtundi,
2344 1079 2451 1128 quod
2462 1081 2681 1121 commodis
2692 1082 2772 1122 suis
2785 1093 2875 1122 con-

1571 1164 1703 1203 sulere
1722 1166 1931 1215 properet3
1950 1166 2093 1207 deinde
2111 1167 2392 1231 jusjurandum
2409 1171 2592 1221 praeivit,
2615 1172 2723 1223 quod
2738 1173 2877 1224 Jurare

1571 1254 1612 1294 in
1631 1255 1730 1306 regis
1756 1256 2063 1308 inauguratione
2098 1259 2292 1301 solebant.
2326 1261 2645 1304 Philammonem
2669 1276 2784 1315 vero,
2806 1267 2875 1316 qui

1570 1346 1720 1385 caedem
1745 1348 1926 1388 Arsinoes
1949 1351 2177 1400 peregerat,
2210 1351 2409 1402 ablegavit
2432 1353 2471 1391 in
2510 1354 2647 1404 Libyae
2675 1357 2875 1406 regionem

1568 1439 1854 1490 cyrenaicam,
1880 1440 1994 1490 cujus
2022 1443 2259 1492 praefectum
2287 1445 2516 1495 constituit;
2538 1457 2709 1496 puerum
2741 1460 2874 1499 regem

1567 1530 1784 1570 OEnanthae
1801 1531 1840 1570 et
1864 1532 2324 1583 Agathocleae‘tradidit3
2349 1536 2438 1584 post
2467 1536 2553 1575 haec
2579 1538 2764 1589 Pelopem
2803 1543 2872 1580 Pe-

1566 1621 1666 1672 lopis
1685 1622 1812 1661 filium
1830 1623 1870 1662 in
1893 1623 2026 1663 Asiam
2051 1625 2159 1664 misit
2185 1625 2236 1664 ad
2261 1626 2527 1678 Antiochum,
2549 1639 2671 1679 quem
2688 1630 2874 1670 exhorta·

1566 1714 1692 1773 retur,
1714 1716 1760 1754 ut
1779 1716 1995 1756 amicitiam
2023 1720 2201 1757 servaret
2227 1729 2357 1769 neque
2384 1721 2503 1770 pacta
2528 1721 2871 1771 transgrederetur

1565 1802 1679 1840 cum'
1688 1802 1800 1852 patre
1819 1803 1932 1852 pueri
1957 1802 2070 1842 inita.
2094 1805 2354 1844 Ptolemaeum
2380 1807 2523 1846 Sosibii
2554 1807 2682 1847 filium
2706 1808 2758 1848 ad
2779 1809 2872 1849 Phi·

1564 1887 1717 1938 lippum
1739 1888 1908 1938 legavit,
1927 1891 1974 1928 ut
1989 1889 2039 1929 de
2062 1890 2258 1931 affinitate
2278 1892 2550 1932 contrahenda
2568 1894 2804 1945 transigeret
2831 1897 2873 1935 et

1562 1973 1612 2014 de
1630 1974 1792 2014 ferendo
1813 1975 1963 2015 auxilio
1975 2006 1986 2026 ‚
2004 1976 2035 2015 si
2053 1977 2155 2017 sorte
2170 1977 2313 2028 majori
2330 1980 2475 2018 conatu
2489 1979 2710 2020 Antiochus
2721 1981 2871 2023 violato
2907 1971 2918 1984 ⁸

1564 2060 1711 2101 foedere
1730 2061 1834 2111 ipsos
1852 2073 2108 2113 aggressurus
2127 2056 2389 2104 soret.Porro
2414 2066 2675 2106 Ptolemaeum
2701 2070 2869 2118 Agesar-

1561 2148 1626 2188 chi
1650 2148 1779 2188 filium
1812 2149 1865 2188 ad
1883 2148 2124 2199 legationem
2155 2152 2326 2191 Romam
2353 2152 2592 2192 mittendam
2624 2153 2868 2206 designavit,

1559 2246 1640 2274 non
1660 2235 1767 2286 quod
1783 2247 1875 2276 enm
1894 2237 2011 2286 legati
2025 2248 2172 2277 munus
2188 2239 2372 2289 prompte
2388 2241 2673 2280 exsecuturum
2687 2252 2786 2292 esse,
2799 2244 2868 2283 sed

1559 2322 1666 2372 quod
1684 2323 1725 2362 in
1746 2324 1946 2363 Graeciam
1974 2326 2210 2375 appulsum,
2236 2326 2305 2365 ubi
2325 2328 2514 2377 cognatos
2535 2339 2632 2368 suos
2661 2329 2701 2369 et
2719 2331 2873 2370 amicos·

1558 2410 1811 2460 convenerit,
1833 2421 2069 2451 mansurum
2093 2413 2199 2463 apud
2220 2424 2288 2453 eos
2305 2414 2388 2453 fore
2408 2415 2592 2464 putabat.
2607 2415 2768 2457 Scilicet
2789 2417 2867 2458 hoc

1556 2499 1791 2549 Agathocles
1803 2500 1962 2550 agebat,
1983 2501 2031 2540 ut
2048 2501 2220 2552 insignes
2235 2502 2341 2542 viros
2357 2514 2496 2543 omnes
2511 2506 2718 2546 amoveret
2733 2519 2744 2556 ;
2761 2496 2865 2547 diffiss

1554 2585 1675 2626 debat
1691 2586 1811 2627 enim.
1831 2587 2014 2638 Denique
2031 2590 2202 2640 Scopam
2220 2589 2398 2637 AEtolum
2418 2590 2459 2630 in
2485 2591 2680 2632 Graeciam
2698 2593 2750 2632 ad
2765 2604 2862 2633 con-

1553 2673 1784 2714 scribendos
1813 2675 2081 2715 mercenarios
2101 2675 2208 2715 misit
2226 2686 2370 2726 magna
2390 2676 2429 2716 vi
2449 2677 2539 2716 auri
2570 2678 2621 2718 ad
2654 2680 2864 2722 mantissas

1551 2762 1766 2802 solvendas
1782 2762 2038 2802 instructum.
2056 2765 2146 2809 Qua
2165 2763 2206 2801 in
2226 2774 2269 2802 re
2286 2763 2437 2813 duplex
2455 2765 2541 2804 erat
2565 2766 2601 2804 ei
2622 2766 2832 2806 consilium
2847 2784 2858 2806 ;

1550 2858 1646 2887 nam
1662 2848 1838 2898 primum
1860 2848 2038 2888 collectis
2060 2848 2184 2899 copiis
2206 2847 2258 2887 ad
2273 2848 2424 2888 bellum
2444 2860 2539 2889 cum
2569 2846 2768 2892 Antiocho
2797 2864 2861 2904 ge·

1550 2939 1722 2979 rendum
1757 2939 1818 2979 uti
1851 2940 2034 2991 volebat,
2073 2939 2218 2980 deinde
2249 2951 2344 2979 vero
2379 2942 2647 2982 mercenarios
2680 2945 2856 2994 veteres,

1549 3038 1650 3078 quos
1664 3026 1874 3077 hucusque
1889 3027 2174 3080 usurpaverat,
2191 3026 2232 3065 in
2251 3027 2414 3066 castella
2433 3027 2472 3066 et
2500 3027 2679 3069 colonias
2698 3030 2856 3081 AEgypti

1548 3114 1785 3166 amandare,
1806 3125 1945 3155 recens
1973 3114 2208 3165 conscriptis
2230 3116 2374 3154 »autem
2405 3116 2564 3166 explere
2592 3117 2632 3156 et
2662 3128 2869 3160 renovare,

1546 3209 1635 3247 tum
1652 3206 1789 3258 palatii
1804 3205 1985 3246 custodes
2000 3207 2088 3246 tum
2109 3205 2261 3256 reliqua
2278 3205 2529 3246 Alexandriae
2549 3206 2660 3246 urhis
2671 3208 2855 3258 praesidia

1546 3299 1802 3351 moliebatur;
1830 3298 2064 3339 existimans
2084 3297 2230 3337 milites
2246 3297 2296 3337 ab
2319 3297 2404 3348 ipso
2436 3298 2682 3350 conscriptos
2710 3301 2751 3339 et
2781 3301 2852 3340 sti-

1547 3392 1780 3444 pendiatos,
1813 3402 1915 3442 quos
1941 3390 2057 3430 antea
2087 3389 2220 3439 facta,
2251 3389 2394 3440 utpote
2422 3389 2557 3440 ignota
2591 3390 2706 3441 ipsis,
2740 3391 2851 3431 nullo

1544 3476 1666 3517 modo
1692 3476 1922 3526 affecerint,
1944 3475 1985 3515 et
2015 3474 2085 3526 qui
2114 3474 2157 3514 in
2188 3475 2275 3526 ipso
2305 3485 2396 3526 spes
2423 3474 2613 3526 repositas
2647 3474 2848 3526 habeant,

165 3607 328 3644 domum
345 3606 396 3644 ab
411 3606 656 3656 Agathocle(
674 3608 811 3657 Polyb.
830 3612 918 3655 XV,
941 3615 990 3648 25
1004 3641 1014 3658 ‚
1038 3611 1100 3659 1).
1117 3633 1171 3639 —-
1190 3617 1223 3650 2.
1238 3612 1321 3661 (sap
1333 3625 1372 3650 ιν
1393 3610 1475 3661 ἢν]
1492 3612 1538 3657 ἢν
1556 3621 1606 3649 ex
1626 3611 1803 3659 margine
1819 3609 1966 3647 codicis
1982 3608 2111 3647 intuli.
2128 3630 2181 3636 —-
2194 3614 2230 3646 3.
2247 3609 2304 3646 τὰ
2321 3609 2438 3655 φαιά
2451 3607 2466 3659 ]
2479 3607 2616 3658 ταφειὰ
2635 3607 2776 3646 codex.
2797 3631 2850 3638 —-

164 3669 202 3705 4.
219 3679 240 3703 τ
253 3668 322 3709 οῖς
341 3678 399 3702 πο
411 3665 460 3702 λλ
471 3669 539 3710 οῖς
558 3669 611 3715 μῖ
619 3678 673 3704 σο
684 3666 727 3716 ς]
747 3670 851 3706 mter
863 3670 1015 3712 πολλοῖς
1033 3671 1072 3707 et
1086 3674 1197 3720 μῖσος
1215 3671 1341 3709 codex
1357 3670 1476 3709 habet
1488 3679 1628 3708 vocem
1645 3669 1887 3718 expunctam
1901 3666 2092 3716 δυνάμεις.
2111 3669 2203 3706 Mox
2219 3677 2370 3705 novum
2387 3666 2629 3705 vocabulum
2646 3667 2816 3705 occurrit
2835 3680 2845 3704 z

163 3724 399 3774 ἐνεξώρκισε.
417 3744 468 3750 -·
485 3727 521 3762 5.
544 3725 582 3762 εἰ
594 3724 634 3761 θι
649 3738 710 3773 σμ
723 3725 821 3764 ένοι
843 3740 867 3763 κ
880 3740 934 3764 ατ
947 3727 972 3764 ὰ
987 3727 1093 3777 τὰς]
1115 3729 1332 3778 εἷθυσμέναι
1350 3727 1545 3772 καταστὰς
1563 3727 1712 3775 codex3
1732 3726 1837 3764 idem
1859 3737 1952 3763 mox
1970 3726 2254 3775 ;φιλαμμώνα..
2277 3725 2501 3776 ἀρσινώης··

2523 3725 2764 3775 λικυαρχῆν..
2784 3727 2820 3765 οἰ
2829 3747 2843 3755 -

162 3782 306 3827 voto-nv..
324 3780 591 3826 ἀγαθοκλείαν.
612 3784 668 3820 De
687 3780 827 3832 l’elope
844 3784 970 3832 legato
990 3784 1150 3824 aliunde
1170 3797 1247 3823 non
1262 3788 1432 3826 constat.
1451 3788 1510 3824 De
1531 3785 1654 3834 pactis
1673 3795 1765 3834 quae
1788 3783 2028 3825 Ptolemaeus
2047 3785 2287 3833 Philopator,
2307 3784 2445 3833 proelio
2461 3783 2509 3822 ad
2530 3784 2721 3832 Raphiam
2738 3794 2843 3822 com-

164 3841 282 3879 misso
303 3839 431 3878 victor
453 3842 466 3888 (
483 3843 552 3879 217
572 3851 606 3878 a.
637 3843 681 3879 C.
701 3841 735 3889 )‚
767 3853 858 3880 cum
881 3842 1073 3881 Antiocho
1098 3846 1240 3892 Magno
1258 3843 1367 3892 iniit,
1388 3843 1479 3883 vide
1499 3843 1637 3892 Polyb.
1658 3846 1709 3892 V,
1728 3845 1789 3882 87.
1807 3845 1866 3882 De
1886 3842 2032 3880 findere
2055 3842 2184 3891 quod,
2213 3843 2343 3880 morte
2363 3844 2426 3882 Pt.
2446 3842 2712 3910 Philopatoris
2731 3853 2842 3881 com·

162 3902 296 3947 perta,
329 3899 548 3938 Antiochus
564 3910 655 3937 cum
677 3900 853 3950 Philippo
883 3901 1096 3940 Macedone
1112 3902 1162 3940 de
1182 3903 1393 3942 dividendo
1411 3913 1530 3952 regno
1549 3901 1705 3951 AEgypti
1725 3901 1836 3948 fecit,
1855 3910 1893 3938 v.
1916 3899 2050 3949 Polyb.
2069 3901 2156 3948 XV,
2177 3905 2220 3938 21
2237 3913 2248 3948 ;
2267 3902 2407 3965 111,‘2‚
2430 3906 2451 3938 8
2476 3916 2484 3938 ε
2508 3901 2843 3968 Συμφρονησαντες

161 3957 351 4007 Ἀντίοχος
367 3959 432 3996 καὶ
453 3957 644 4002 Φίλιππος
663 3958 723 3997 ἐπὶ
741 3959 920 4010 διαιρέσει
944 3965 1009 4007 τῆς
1025 3965 1092 3999 τοῦ
1116 3963 1465 4013 καταλελειμμένου
1478 3962 1613 4005 παιδὸς
1634 3961 1752 4011 ἀρχῆς
1769 3959 1927 4009 ἤρξαντο
1944 3961 2298 4023 κακοπραγμονιεῒν.
2320 3960 2407 3997 le.
2426 3961 2555 3997 XXXI
2569 3987 2579 4006 ,
2600 3960 2667 4006 143
2691 3962 2838 4000 Jusiln.

161 4017 264 4053 XXX
283 4045 293 4061 ‚
313 4021 334 4053 2
356 4018 457 4054 extr.
476 4038 528 4043 —
549 4021 587 4054 6.
618 4018 673 4054 Dc
704 4017 882 4055 mor-ihus
907 4018 1024 4066 hujus
1050 4020 1251 4059 l'tolenn’ei
1275 4020 1414 4059 Sosibii
1438 4020 1465 4060 f.
1486 4030 1510 4058 a
1525 4017 1779 4058 Macedonica
1796 4016 1989 4069 legatione
2017 4015 2176 4054 reducis
2192 4014 2282 4053 vide
2308 4014 2554 4082 Polyb..le
2570 4045 2580 4064 ,
2603 4021 2674 4064 22,
2697 4021 2718 4054 3
2747 4027 2838 4081 (sqq.

162 4076 253 4111 Mox
274 4075 575 4125 προεχειρήσατο
591 4075 714 4113 codex
728 4075 841 4114 habet
854 4087 924 4125 pro
933 4080 1242 4126 προεχειρίσατο.
1266 4082 1323 4118 De
1337 4079 1553 4117 Ptolemaeo
1571 4075 1777 4127 Agesarchi
1795 4075 1837 4124 s.,
1861 4074 1945 4114 viro
1962 4073 2156 4124 prudente
2175 4074 2406 4122 acstrenuo,
2425 4074 2512 4140 vide
2525 4074 2662 4122 Polyb.
2675 4076 2839 4124 xxvu,

166 4137 226 4170 12.
254 4132 327 4170 llic
347 4135 406 4171 est
428 4134 664 4171 Ptolemaeus
683 4134 751 4182 qni
770 4144 831 4172 res
857 4136 916 4173 l't.
937 4134 1201 4184 Philopatoris
1218 4137 1340 4176 literis
1356 4136 1576 4176 mandavit.
1597 4160 1650 4170 --
1670 4138 1708 4174 7.
1734 4131 2081 4182 ἐξαπέστειλε]
2102 4132 2140 4170 Ιι.
2159 4142 2297 4171 vocem
2319 4132 2514 4197 supplevi.
2541 4134 2688 4201 Scopas
2710 4142 2732 4170 c
2762 4135 2836 4171 Po-

163 4191 268 4239 lyhio
292 4191 531 4230 notissimus.
556 4194 749 4238 Quaenam
771 4191 845 4230 snb
872 4193 1085 4230 Ptolemaeo
1111 4195 1311 4243 lzpiphane
1327 4195 1447 4244 egerit
1463 4195 1554 4235 vide
1578 4194 1646 4233 lib.
1669 4194 1784 4239 XVI,
1807 4195 1879 4240 39,
1900 4190 1991 4230 coll.
2016 4192 2123 4238 XVI,
2143 4196 2179 4256 8.
2199 4192 2285 4229 Nox
2302 4201 2387 4256 ejus
2406 4191 2590 4255 narratur
2611 4192 2674 4228 >A
2689 4192 2737 4230 lll
2752 4222 2764 4239 ,
2787 4195 2840 4229 36

163 4259 249 4297 sqq.
264 4272 314 4280 -
330 4252 366 4286 8.
383 4255 552 4299 προϋπ.
573 4249 638 4299 οἱ]
655 4255 796 4300 προϋπ.
816 4252 880 4288 καὶ
903 4250 1041 4297 codex,
1060 4251 1165 4300 qnod
1185 4252 1214 4289 si
1233 4252 1446 4299 genuinum
1465 4257 1536 4300 est,
1552 4251 1701 4290 excidit
1720 4249 1982 4298 vocabulum,
2003 4250 2252 4299 μισοοφορους
2271 4248 2330 4285 vel
2353 4248 2478 4288 simile
2499 4248 2608 4298 qnid.
2631 4271 2679 4282 --
2695 4261 2730 4298 9.
2751 4261 2835 4287 πα·

165 4306 498 4356 ραπλησίωςδέ
524 4310 600 4346 καὶ
620 4309 673 4346 τὰ
699 4308 850 4359 κατὰ]
876 4310 1124 4360 παραπλήσια
1146 4311 1195 4354 ὡς
1223 4310 1261 4348 δὲ
1290 4311 1351 4348 καὶ
1375 4310 1472 4349 κατὰ
1492 4311 1630 4350 codex.
1651 4312 1742 4349 Mox
1763 4320 1832 4358 pro
1854 4308 2010 4358 ἔχοντας
2030 4307 2163 4346 hialin}
2182 4308 2343 4350 ἕξοντας.
