3008 4542
419 327 745 401 'UNDECIMA
770 334 1088 380 DYNASTIA.

507 471 509 473 ³
633 438 640 443 ·
727 413 803 466 31.

105 565 113 571 ,ῃ
476 494 612 552 ‘SEC.
643 506 1018 553 AFRICANUM.

71 598 74 614 ⁵
154 612 158 619 “·
174 592 382 661 'Syncelh
406 617 455 662 p.
474 600 552 661 59,
575 600 612 646 C
637 616 648 649 :
665 599 902 657 Ἑνδεκάτη
918 601 1144 648 δυναστεία
1162 604 1199 651 Δ
1215 620 1257 649 ιο
1270 620 1402 649 σπο-

4 697 5 701 ’
104 666 170 720 uxi
182 673 280 718 τῶν
323 670 610 735 βασι-λέων
656 671 729 725 ις’
747 708 761 728 ,
790 670 832 718 οἳ
863 671 1148 721 ἐὸασίλευσαν
1184 673 1259 732 ἔτη
1305 673 1396 738 μγ’.

72 743 231 814 Ι,μεθ’
243 740 332 810 [οὓς

144 815 156 847 -’
175 813 451 876 Ἅμμενέμης
475 813 567 872 ἔτη,
595 814 670 868 ις’.

179 884 324 950 Μέχρι
349 887 471 933 τοῦδε
496 885 568 933 τὸν
592 888 759 948 πρῶτον
778 886 909 956 τόμον
930 886 1176 953 καταγήοχε
1198 891 1395 939 Mem-2052.

85 993 97 1000 ι
179 956 321 1021 Ὁμοῦ
341 959 531 1023 βασιλεῖς
556 957 664 1023 946',
685 957 761 1016 ἔτη
785 958 883 1023 ,βτᾏ
903 957 1063 1023 ἡμέραι
1087 958 1142 1038 0¹5

116 1050 122 1054 ’
162 1063 175 1072 ·
718 1052 795 1100 32.
1006 1056 1008 1060 ’

516 1149 635 1196 SEC.
669 1150 994 1198 EUSEBIUM.

170 1254 413 1315 syncellus
432 1269 482 1314 p.
511 1255 597 1311 60,
618 1257 654 1299 B
675 1270 687 1301 ε
721 1252 962 1312 Ἑνδεκοίτη
997 1255 1222 1303 δυναστεία
1241 1259 1300 1304 Δι
1315 1275 1396 1304 οσ-

68 1321 352 1373 πολιτῶν
395 1323 605 1390 βασιλέων
656 1325 734 1388 ις’,
791 1324 832 1373 οἳ
865 1325 1150 1378 ἐδασίλευσαν
1189 1330 1262 1386 ἔτη
1301 1329 1391 1392 μγ’.

113 1394 223 1446 Μεθ’
240 1395 309 1449 οὒς
325 1396 429 1459 Ἀμ
443 1414 504 1458 με
519 1395 685 1459 μένης
705 1397 779 1455 ἔτη
806 1397 876 1454 ις’.

52 1608 81 1661 l.‘
126 1557 133 1691 Ι
601 1596 894 1636 AFR1cANUS.

1020 1773 1054 1809 A

1002 1850 1075 1885 263

1301 1773 1333 1810 B

1237 1845 1257 1866 *
1284 1850 1358 1886 253

1234 1922 1255 1943 *
1284 1927 1358 1962 302

1237 1998 1257 2018 *
1286 2001 1359 2037 214

1265 2075 1383 2114 574..

1236 2150 1256 2171 *
1284 2153 1358 2190 248

1239 2226 1260 2247 *
1288 2232 1360 2267 203

519 1849 542 1883 s
595 1843 771 1893 Thinitae

519 1925 543 1960 9
597 1905 768 1960 Thinites}
1005 1926 1079 1962 302

439 2007 445 2011 ⁴
520 1998 545 2035 9
597 1996 827 2046 Memphitae
1009 2001 1083 2038 214

519 2056 542 2111 8
594 2057 823 2124 Memphita'e
842 2059 857 2070 ⁹
951 2060 984 2095 *⁴
1002 2065 1086 2119 284'

518 2152 542 2188 9
595 2148 846 2199 Elephantini
916 2133 919 2136 ¹
1000 2154 1074 2190 218

520 2230 544 2264 6
597 2225 826 2289 Memphitae
916 2216 919 2217 ⁷
1004 2230 1078 2266 203

483 2307 570 2316 0——

489 2350 541 2389 49

987 2351 1082 2389 1484

1266 2350 1361 2388 1494

254 2533 263 2542 .
337 2499 471 2551 [753³]
501 2504 550 2541 70
602 2483 850 2551 Memphitae}

252 2610 261 2620 .
338 2575 468 2628 [l4?]
496 2581 542 2619 27
596 2578 824 2629 Memphitae

501 2657 547 2694 19
601 2653 929 2704 Heracleopolitae

500 2735 512 2769 1
522 2735 546 2771 9
602 2730 926 2780 Heracleopolitae

500 2811 545 2846 16
600 2806 827 2856 Diospolitae

604 2885 894 2924 Ammenemes.

1255 2500 1361 2541 7od.

1049 2578 1070 2599 *
1104 2580 1172 2618 142
1199 2576 1263 2616 vel
1294 2579 1364 2618 146

1239 2652 1260 2673 *
1289 2656 1364 2694 409

1239 2729 1260 2750 *
1292 2733 1363 2770 185

1243 2805 1265 2825 *
1317 2809 1365 2846 43

1242 2882 1263 2902 *
1322 2887 1367 2923 16

962 3082 1025 3122 vel
1042 3084 1143 3122 2289
1161 3083 1200 3122 et
1219 3082 1303 3122 dies
1319 3086 1368 3123 70

56 3323 61 3330 γ’
189 3269 348 3316 Litera
366 3271 407 3313 A
438 3269 751 3327 inscripsimus
772 3271 1097 3333 numeros-qui
1136 3286 1160 3315 e
1185 3279 1407 3331 supputa-

36 3356 61 3406 ts
118 3341 186 3384 tisv
198 3341 328 3384 annis
344 3341 635 3400 singulorum
652 3356 815 3400 regum
833 3349 1086 3401 eruuntur3
1110 3343 1243 3387 litera
1264 3345 1299 3386 B
1330 3358 1408 3386 eos

119 3413 418 3472 signavimus,
447 3427 566 3471 quos
595 3414 692 3472 ipse
716 3414 953 3472 Syncellus
990 3415 1226 3474 apposuit.
1256 3416 1407 3473 Atque

117 3484 170 3528 hi
187 3484 374 3543 quidem
390 3485 438 3527 in
451 3485 718 3528 universum
732 3485 820 3543 maj
828 3486 920 3529 oris
935 3485 1134 3531 faciendi
1151 3495 1256 3530 sunt
1269 3501 1407 3546 quam

59 3557 63 3561 ’
120 3557 271 3604 alteri.
304 3557 483 3614 Quibus
514 3557 694 3601 stellula
716 3558 900 3617 appicta
939 3567 1027 3615 est,
1062 3573 1141 3602 eos
1181 3560 1407 3618 genuinos

36 3675 39 3677 ,
119 3627 261 3673 habet
277 3628 539 3674 Boeckhius.
563 3628 778 3673 Ceterum
796 3628 923 3688 apud
935 3629 1201 3673 Africanum
1218 3630 1409 3674 habebis

121 3715 345 3745 summam
369 3715 601 3744 annorum
624 3700 766 3758 2300,
797 3702 834 3745 si
855 3701 929 3745 vel
948 3702 997 3744 in
1021 3703 1172 3760 prIma
1203 3701 1410 3760 dynastia

121 3786 211 3831 pro
233 3770 325 3816 253
348 3787 496 3831 ponas
523 3771 643 3829 263,
668 3774 744 3818 vel
774 3789 880 3818 cum
909 3774 1132 3817 Boeckhio
1164 3773 1214 3816 in
1243 3782 1406 3831 quarta

58 3860 70 3866 ·
121 3857 212 3902 pro
235 3847 326 3899 274
348 3858 496 3902 ponas
518 3843 629 3900 284,
653 3844 823 3889 deinde
849 3859 962 3888 vero
996 3844 1093 3888 dies
1109 3845 1216 3888 istos
1240 3859 1298 3901 7⁰
1318 3860 1407 3904 pro

32 3910 60 3942 ⁷·
123 3929 248 3959 anno
285 3923 522 3974 supputes.
552 3944 610 3950 —
646 3918 796 3977 Reges
818 3932 942 3961 nunc
978 3917 1104 3976 apud
1138 3917 1409 3961 Africanum

30 3994 36 4050 ἑ
60 4000 64 4038 ζ
122 3996 427 4031 numerantur
444 3987 656 4044 ducenti,
684 4003 828 4047 quum
852 4003 944 4032 esse
962 3988 1162 4032 debeant
1194 4004 1296 4048 192.
1322 3990 1410 4033 Tot

28 4051 63 4114 ³·st
127 4071 238 4100 vero
264 4057 495 4102 obtinebis
524 4060 560 4102 si
588 4059 806 4118 dynastiae
833 4061 947 4105 VIII
974 4076 1079 4104 cum
1102 4060 1305 4104 Barbaro
1327 4062 1407 4104 tri-

127 4127 240 4172 buas
273 4143 401 4188 reges
430 4134 484 4182 14
502 4145 592 4188 pro
617 4146 674 4186 2⁴7
692 4165 704 4186 ‚
734 4131 953 4190 dynastiae
973 4134 1057 4178 VII
1078 4148 1181 4176 cum
1208 4133 1408 4176 Eusebio

27 4187 35 4265 ξ’
59 4199 66 4257 'j
93 4244 98 4249 ,
143 4192 210 4258 (ex
239 4207 395 4246 nostra
417 4201 627 4257 emend.)
653 4200 788 4263 reges
804 4202 862 4260 75
884 4219 973 4264 pro
1001 4220 1077 4261 70.

1269 213 1678 267 FRAGMENTA.

1268 3010 1367 3047 2293
1445 3011 1517 3047 192

2660 234 2748 279 ⁵57

1543 326 1688 391 Μέχρι
1718 329 1838 375 τοῦδε
1862 328 1931 375 τὸν
1964 333 2132 394 πρῶτον
2158 334 2288 394 τόμον
2308 335 2577 400 καταγήοχεν
2609 340 2631 383 ὁ
2652 340 2757 386 Μα-

1478 401 1602 446 νεθῶ.
1627 397 1767 460 Ὁμοῦ
1791 400 1978 462 βασιλεῖς
2013 396 2125 464 ρ56’,
2152 400 2226 460 ἔτη
2247 404 2344 467 ,βτζ
2368 405 2527 471 ἡμέραι
2557 407 2616 455 00‘
2642 410 2753 474 (scr.

1478 469 1561 529 σε’,
1584 481 1636 516 ut
1658 471 1714 515 fr.
1744 471 1857 532 24.)

1543 543 1766 588 Eusebius
1783 545 1910 588 Arm.
1930 560 1980 602 p.
2005 559 2064 603 97
2088 561 2098 588 :
2127 548 2378 594 Undecima
2395 553 2612 610 dynastia
2631 555 2758 597 XVI

1476 630 1657 673 regum,
1697 620 1833 659 annis
1863 616 2060 663 XLIII.
2095 618 2207 661 Post
2224 619 2308 664 hos
2330 623 2644 668 Ammemenes
2665 619 2757 668 an'·

1476 690 1549 729 nis
1571 687 1715 734 XVI.
1761 741 1766 745 ῃ

1542 757 1771 801 Hactenus
1797 761 2005 815 primum
2054 759 2217 803 librum
2269 762 2493 807 Manetho
2523 768 2756 823 produxit.

1475 828 1595 873 Sunt
1610 839 1762 873 autem
1781 844 1913 887 reges
1932 830 2148 889 CXCII,
2175 837 2290 876 anni
2307 835 2421 877 MM
2425 836 2559 881 CCC.

1543 902 1763 946 Samuelis
1782 910 2032 960 utrumque
2052 918 2303 947 numerum
2343 903 2434 965 (43
2461 916 2506 950 et
2535 906 2615 968 16)
2643 925 2759 953 con-

1471 971 1672 1032 jungens
1686 971 1903 1031 dynastiae
1930 973 1999 1018 XI
2023 985 2236 1019 numerat
2254 991 2398 1020 annos
2434 975 2511 1036 59.
2531 979 2603 1022 Sic
2627 982 2761 1025 etiam

1474 1043 1676 1087 fueritin
1694 1052 1881 1087 auctore
1894 1044 2109 1102 Barbari,
2125 1046 2206 1104 qui
2222 1055 2436 1090 numerat
2469 1050 2760 1107 Diospolita-

1474 1131 1579 1158 rum
1615 1131 1760 1160 annos
1783 1131 1827 1174 9.
1852 1115 2066 1159 Ceterum
2093 1119 2293 1165 Bunsen.
2337 1134 2425 1177 pro
2461 1117 2669 1181 βασιλέων
2696 1121 2752 1172 ις’

1473 1188 1612 1231 scribi
1643 1188 1743 1230 vult
1765 1202 1776 1230 ε
1804 1184 2014 1249 βασιλέων
2039 1186 2091 1245 δ’,
2113 1191 2331 1248 quoniam
2355 1192 2463 1235 anni
2501 1191 2559 1244 43
2585 1192 2660 1235 vix
2686 1209 2762 1237 ca—

1474 1259 1586 1304 dant
1607 1260 1658 1303 in
1675 1274 1805 1318 reges
1826 1259 2043 1306 sedecim.

1537 1333 1662 1375 Anni
1706 1332 2022 1391 dynastiarum
2057 1334 2128 1378 XI
2164 1349 2220 1377 ex
2254 1334 2460 1379 Africani
2498 1344 2543 1380 et
2579 1338 2763 1382 Eusebii

1475 1401 1708 1462 computis
1733 1417 1744 1449 Ξ

1941 1599 2203 1639 EUSEBIUS.

2013 1774 2045 1809 Α
2224 1773 2253 1809 Β

1484 1849 1507 1885 8
1586 1844 1756 1884 Thinitae
2001 1851 2074 1886 258
2206 1851 2278 1885 252

1482 1925 1507 1962 9
1585 1921 1755 1961 Thinitae
1986 1922 2001 1972 s
2012 1920 2108 1972 297]
2214 1926 2285 1962 297

1483 2000 1506 2036 8
1585 1997 1811 2047 Memphitae
1982 1997 1998 2048 [
2012 2003 2080 2039 1--97
2092 1998 2106 2048 ]
2214 2002 2283 2037 197

1415 2081 1424 2093 ’
1465 2076 1504 2112 17
1559 2073 1815 2123 -Memphitae
1983 2073 2105 2125 [448]
2211 2077 2284 2113 448

1460 2154 1504 2188 31
1588 2149 1837 2198 Elephantini
1869 2161 1872 2163 ’
2188 2149 2309 2202 [100]

1586 2225 1813 2275 Memphitae
1981 2225 2102 2276 [203]
2206 2230 2278 2266 203

1462 2352 1510 2389 73
1953 2349 2099 2401 [1397]

2032 2430 2125 2467 1397
2155 2424 2304 2476 [1497]

1440 2501 1484 2553 [7
1492 2500 1541 2551 5]
1594 2499 1823 2550 Memphitae
2225 2504 2245 2540 7
2253 2506 2273 2539 5
2283 2501 2320 2539 d.

1493 2583 1515 2617 5
1594 2576 1823 2626 Memphitae
2210 2582 2281 2616 100

1491 2656 1515 2693 4
1593 2652 1922 2702 Heracleopolitae
2212 2658 2283 2692 100

1470 2735 1516 2771 19
1595 2728 1921 2779 Heracleopolitae
2214 2731 2283 2767 185
2363 2731 2450 2779 (187
2489 2727 2712 2776 Samuelis.)

1471 2812 1517 2846 16
1596 2805 1824 2855 Diospolitae
2233 2807 2282 2844 43

1599 2885 1891 2922 Ammenemes.
2239 2885 2283 2919 16

2189 2989 2292 3043 1842

2058 3082 2098 3119 et
2115 3080 2208 3141 ‘dies
2236 3083 2284 3120 75

1546 3271 1768 3314 Eusebius
1808 3269 1919 3312 item
1957 3267 2070 3311 dicit
2107 3267 2261 3325 primo
2304 3274 2433 3308 tomo
2477 3260 2763 3315 Manethonis

1480 3346 1623 3387 inesse
1641 3356 1773 3402 reges
1798 3356 1886 3399 192
1903 3374 1915 3396 ,
1944 3354 2138 3397 eamque
2165 3353 2390 3401 summam
2415 3336 2631 3380 facillime
2656 3347 2761 3376 eru-

1481 3431 1558 3461 ere
1574 3416 1698 3474 licet,
1718 3428 1998 3472 quamquam
2020 3412 2067 3454 in
2095 3411 2283 3470 singulis
2311 3409 2530 3454 Eusebius
2553 3407 2609 3450 ab
2634 3405 2760 3449 Afri-

1481 3500 1596 3528 cano
1642 3486 1780 3544 longe
1813 3483 2028 3543 recedat,
2067 3497 2220 3541 neque
2260 3481 2468 3525 tradatur
2509 3479 2588 3536 qui
2626 3476 2762 3519 fuerit

1479 3572 1642 3616 regum
1661 3548 1881 3600 numerus
1907 3555 2122 3614 dynastiae
2146 3564 2301 3599 sextae.
2325 3553 2414 3598 Sed
2437 3553 2532 3595 haec
2558 3548 2750 3606 explica·

1481 3631 1656 3674 tionem
1687 3629 1954 3673 admittunt.
1989 3628 2220 3671 Nimirum
2250 3641 2380 3686 reges
2406 3621 2757 3682 septemdecim,

1482 3702 1562 3762 qui
1596 3702 1655 3746 ad
1679 3710 1892 3759 quartam
1924 3699 2183 3759 dynastiam
2215 3706 2450 3750 notantur,
2480 3701 2633 3752 aperte
2657 3699 2762 3734 sunt

1480 3772 1685 3816 Africani
1705 3787 1835 3832 reges
1865 3787 1917 3827 17
1948 3771 2164 3830 dynastiae
2187 3779 2357 3828 quartae
2381 3777 2425 3811 et
2456 3766 2650 3824 quintae3
2676 3764 2761 3805 hos

1479 3846 1621 3905 igitur
1642 3859 1787 3903 quum
1819 3843 2042 3888 Eusebius
2063 3844 2138 3887 vel
2163 3842 2257 3900 ejus
2280 3848 2440 3885 auctor
2471 3836 2603 3880 simul
2628 3850 2758 3878 com-

1480 3916 1821 3976 prehendisset,
1863 3916 2026 3959 omissa
2067 3915 2185 3958 forte
2226 3910 2516 3956 distinctione
2546 3905 2759 3963 dynastiae

1483 3997 1655 4047 quartae
1676 3996 1720 4032 et
1737 3989 1924 4046 quintae,
1944 3987 2114 4031 factum
2138 3984 2305 4028 deinde
2322 3991 2411 4035 est,
2431 3988 2482 4022 ut
2505 3993 2556 4022 ea
2581 3992 2680 4034 quae
2699 3975 2757 4018 ad

1482 4075 1622 4104 unam
1643 4069 1812 4104 sextam
1839 4059 2093 4118 dynastiam
2117 4057 2370 4116 pertinent,
2398 4053 2446 4094 in
2476 4050 2587 4092 duas
2611 4048 2757 4104 dyna-

1481 4132 1610 4188 stias,
1639 4133 1846 4190 quintam
1868 4139 1913 4173 et
1935 4138 2103 4173 sextam
2122 4161 2133 4182 ,
2160 4128 2316 4183 inepte
2355 4121 2753 4169 distribuerentur,

1482 4204 1563 4248 sed
1598 4217 1758 4263 regum
1791 4216 2009 4246 numerus
2039 4199 2218 4243 nonnisi
2256 4195 2391 4239 semel
2424 4191 2757 4236 adscriberetur
