3016 4628
201 300 229 337 ⁸
797 244 802 249 ”
1141 283 1482 333 01οΝΥ5105
1519 283 1968 334 MYTILENAEUS.

197 395 286 443 ὑπὸ
310 392 480 446 Φινέως
502 384 612 451 ἦσαν
633 388 947 454 ἐκὸεὸλημένοι
971 386 1084 436 κατὰ
1110 387 1315 447 διαὸολὴν
1341 391 1499 437 Σκυθι-

201 472 281 525 κῆς
303 465 524 530 γυναικὸς,
539 464 592 524 ἣν
609 462 851 552 γεγαμήκει
872 465 894 510 6
915 460 1096 521 Φινεὺς,
1119 460 1501 526 παραιτησάμενος

203 537 506 603 Κλεοπάτραν.
524 538 561 585 l
563 537 697 600 εγόνει
711 534 755 583 δὲ
770 539 844 583 τοῦ
863 533 1032 591 Φινέως
1056 532 1131 580 καὶ
1155 531 1400 598 πρεσὸύτης
1416 551 1495 580 κα·-

200 610 379 702 τήγρρος
393 607 514 676 παρὰ
534 612 596 674 τῷ
616 608 840 675 Ἡρακλεῖ·
869 606 1017 672 διόπερ
1034 604 1257 670 Ηρακλης
1283 604 1498 658 ἀναιτίους

200 682 335 747 εὑρὼν
356 680 452 736 τοὺς
469 682 652 741 παῖδας,
666 680 889 744 κατήγαγε
892 699 913 725 ν
934 681 992 733 εἷς
1010 675 1090 736 τὴν
1107 675 1315 742 πατρῴαν
1337 675 1494 724 οἰκίαν·

201 753 344 802 Φινέα
379 751 424 801 δὲ
460 751 768 816 ἀνθιστάμενον
807 752 882 799 καὶ
917 750 1160 809 θελήσαντα
1184 748 1499 797 καταποντίσαι

199 825 272 873 τὸν
296 824 437 891 ἕτερον
459 827 544 872 τῶν
565 823 753 888 παίδων,
778 823 986 879 λακτίσας
1005 826 1027 870 6
1054 822 1320 888 Ἧρακλης’
1297 819 1501 868 απέκτει-

201 917 286 947 νεν.

266 971 475 1017 Eandem
487 972 727 1017 historiam
742 971 925 1030 plenius
943 969 1086 1014 habes
1097 984 1174 1028 ap.
1189 968 1392 1013 Diodor.
1412 968 1494 1024 IV,

203 1049 288 1101 44,
316 1044 444 1090 unde
476 1045 689 1104 Dionysii
711 1044 896 1103 mythos
925 1041 1155 1086 tractandi
1173 1041 1404 1085 rationem
1425 1040 1498 1084 di-

198 1133 327 1163 scere
346 1119 470 1163 licet.
492 1116 827 1176 AntIquiorum
847 1129 987 1160 nemo
1009 1114 1072 1158 ita
1092 1128 1191 1158 rem
1208 1113 1429 1157 narravit.

825 1237 872 1285 4.

267 1355 399 1401 Idem
423 1353 518 1412 ΙΙΙ,
546 1370 641 1399 2oo
665 1370 676 1398 ε
700 1350 878 1410 Ταύτην
908 1351 998 1414 (sc.
1025 1349 1105 1409 τὴν
1126 1349 1320 1416 Κίρκην)
1346 1349 1497 1398 Διονύ-

200 1447 287 1482 σιος
305 1430 328 1474 6
353 1426 564 1484 Μιλήσιος
583 1428 626 1473 ἓν
645 1423 805 1490 πρώτω
820 1427 904 1472 τῶν
926 1424 1265 1490 Ἀργοναυτικῶν
1285 1424 1498 1489 θυγατέρα

199 1500 367 1560 Αἰήτου
384 1499 458 1546 καὶ
475 1497 667 1557 Ἑκάτης
685 1501 762 1556 τῆς
783 1496 1011 1563 Περσέως,
1028 1496 1257 1563 ἀδελφὴν
1235 1495 1279 1544 οὲ
1301 1497 1500 1556 Μηδείας

198 1572 332 1636 λέγει.
369 1571 508 1638 ἹΙλίῳ
533 1570 615 1644 γάρ
637 1589 767 1636 φησιν
792 1568 907 1624 υἱοὺς
929 1568 1127 1632 γενέσθαι
1147 1569 1270 1617 δύο’
1251 1589 1295 1616 εν
1315 1576 1403 1624 τοῖς
1423 1569 1499 1617 τό-

199 1663 293 1699 ποις
317 1645 503 1698 ἐκείνοις·
524 1636 586 1697 οἷς
609 1642 802 1705 ὀνόματα
819 1647 872 1702 ἠν
895 1640 1086 1708 Περσευς
1101 1640 1175 1689 καὶ
1195 1641 1378 1700 Αἰήτης·
1398 1640 1498 1690 τού-

199 1735 296 1772 τους
317 1716 362 1764 δὲ
382 1722 620 1780 κατασχεῖν
636 1713 715 1773 τὴν
735 1715 899 1781 χώραν·
921 1715 996 1763 καὶ
1017 1715 1185 1774 Αἰήτην
1205 1715 1283 1779 μὲν
1305 1715 1501 1780 Κόλχους

200 1791 274 1838 καὶ
293 1793 528 1849 Μαιωτας,
547 1791 611 1837 Πε
593 1787 722 1854 ερσέα
744 1787 788 1835 δὲ
808 1791 885 1847 τῆς
899 1790 1121 1855 Ταυρικῆς
1141 1790 1410 1853 βασιλεῦσαν
1424 1788 1500 1835 καὶ

198 1863 289 1927 [τὸν
300 1862 486 1947 Περσέα
509 1860 800 1945 πρεσὸύτερον
818 1859 941 1924 ὄντα]
961 1881 1101 1925 γημαι
1120 1864 1304 1925 γυναῖκα
1324 1864 1409 1909 τῶν
1430 1864 1500 1927 ἐγ-

199 1928 371 2019 χωρίων
394 1926 514 1984 τινὰ,
538 1926 613 1974 καὶ
638 1926 836 1987 γενέσθαι
861 1928 977 1974 αὐτυ
1001 1926 1062 1990 [ἐξ
1089 1928 1239 1992 αὐτῆς]
1264 1926 1496 1993 θυγατέρα,

200 1995 230 2063 ᾗ
255 2001 392 2062 ὄνομα
413 1998 599 2058 <Εκάτη.
629 2000 687 2048 Οι
715 1997 803 2046 δὲ’
784 2017 833 2046 εκ
859 1997 1027 2064 νύμφης
1045 1998 1157 2053 τινὸς
1189 1999 1401 2092 ἐγχωρίας
1423 1998 1500 2058 τὴν

200 2073 394 2133 Ἑκάτην
416 2072 546 2140 φασὶν
571 2073 689 2138 αὐτῷ
708 2091 756 2136 γε
738 2070 904 2119 ενέσθαι
915 2071 1156 2136 ,ἀνδρικὴν
1177 2073 1276 2137 περὶ
1294 2071 1349 2119 τὰ
1368 2092 1501 2131 κυνη-

199 2146 371 2209 γετικὰ,
395 2145 470 2193 καὶ
495 2143 614 2209 [περὶ
631 2144 706 2197 τὰς
728 2143 996 2206 καλουμένας
1020 2143 1157 2199 Ἓκὰς
1176 2142 1500 2212 διατρίὸουσαν]

200 2217 376 2284 πρώτην
404 2218 665 2279 θανασίμους
687 2215 803 2282 ῥίζας
824 2218 978 2282 εὑρεῖν,
996 2217 1072 2263 καὶ
1095 2217 1412 2281 ἐμπειροτάτην
1429 2236 1500 2281 γε·

199 2290 368 2355 γονέναι
393 2293 478 2338 τῶν
496 2309 542 2337 τε
563 2288 835 2355 δηλητηρίων
861 2289 936 2336 καὶ
959 2293 1043 2337 τῶν
1066 2292 1212 2338 ἰᾶσθαι
1234 2290 1499 2354 δυναμένων,

200 2362 276 2411 καὶ
302 2363 373 2411 τὸν
396 2365 551 2421 ἑαυτῆς
575 2360 743 2426 πατέρα
767 2362 1010 2427 φαρμάκοις
1034 2363 1298 2412 ἀποκτεῖναι.
1324 2363 1501 2422 Ταύτην

200 2436 426 2500 γήμασθαι
449 2435 716 2501 πεμφθεῖσαν
746 2437 805 2488 εἷς
831 2433 1028 2500 Κόλχους
1050 2434 1191 2499 Αἰήτῃ
1227 2438 1289 2501 τῷ
1326 2455 1502 2501 πατρα-

200 2509 355 2575 δέλφῳ·
392 2506 468 2575 ἀφ’
487 2501 538 2566 ἧς
570 2507 767 2572 γενέσθαι
795 2506 961 2573 Κίρκην
986 2507 1060 2555 καὶ
1095 2509 1312 2567 Μήδειαν.
1333 2507 1428 2566 Τὴν
1449 2509 1501 2570 ,δὲ

202 2582 391 2648 Κίρκην,
412 2580 709 2647 πρεσὸυτέραν
727 2572 878 2643 οὖσαν,
905 2580 1226 2646 ὑπερὸαλέσθαι
1249 2580 1327 2639 τὴν
1349 2584 1503 2640 ἑαυτῆς

203 2654 395 2720 μητέρα,
411 2652 466 2701 τὰ
489 2652 566 2716 μὲν
584 2652 877 2701 διακούσασαν
893 2654 998 2718 παρ’
1018 2655 1174 2712 αὐτῆς,
1197 2653 1252 2700 τὰ
1273 2653 1318 2700 δὲ
1335 2653 1410 2700 καὶ
1432 2656 1505 2701 αὖ·

201 2725 279 2783 τὴν
297 2728 600 2791 ἐφευρηκυῖαν,
618 2723 761 2772 πολλὰ
778 2724 852 2772 καὶ
869 2723 986 2772 δεινὰ
1002 2725 1234 2790 [φάρμακα
1247 2726 1264 2788 ]
1277 2745 1286 2754 ·
1302 2725 1503 2784 Μήδειαν

204 2798 271 2856 δὲ,
307 2796 518 2863 νεωτέραν
553 2797 631 2860 μὲν
657 2796 843 2863 Κίρκης,
879 2798 963 2862 οὐχ
992 2796 1247 2861 ἡττωμένην
1271 2797 1316 2845 δὲ
1351 2799 1500 2856 αὐτῆς.

202 2874 356 2920 Ταῦτα
383 2869 459 2933 μὲν
480 2870 715 2924 Διονύσιος.

270 2948 479 2990 Hecaten
492 2943 671 2990 Medeae
695 2954 741 2989 et
759 2946 913 2990 Circes
935 2953 1130 2990 matrem
1152 2961 1245 2990 esse
1270 2946 1427 2991 denuo
1448 2962 1506 2992 ex

205 3019 432 3078 Dionysio
464 3019 527 3079 τῷ
551 3015 760 3080 Μιλησίῳ
793 3026 954 3063 narrat
986 3019 1134 3062 schol.
1163 3019 1224 3063 ad
1254 3021 1348 3075 III,
1389 3025 1502 3072 242.

208 3091 383 3135 Eadem
406 3091 603 3149 exponit
622 3090 825 3135 Diodor.
851 3092 931 3146 IV,
961 3090 1022 3143 43
1037 3124 1049 3146 ,
1071 3092 1158 3134 nisi
1184 3092 1315 3150 quod
1336 3093 1509 3137 omittit

207 3163 392 3222 egregia
412 3154 496 3207 ista
519 3163 577 3206 de
594 3164 768 3207 Hecate
782 3163 839 3207 ab
852 3163 992 3207 Hecis
1004 3164 1111 3207 loco
1127 3180 1302 3208 nomen
1319 3165 1504 3225 adepta,

208 3245 255 3280 et
274 3235 431 3279 liberis
451 3234 584 3279 addit
601 3237 885 3294 AEgz'aleum,
907 3250 1047 3294 quem
1065 3237 1207 3296 vulgo
1225 3237 1390 3282 dicunt
1409 3241 1505 3298 Ap-

209 3317 385 3367 syrtum
415 3306 779 3368 (Metapontium
801 3310 1103 3368 Dicaeogenes
1126 3325 1202 3368 ap.
1224 3310 1371 3355 schol.
1393 3313 1503 3355 Eur.

210 3379 336 3425 Med.
372 3380 457 3437 167
479 3376 510 3442 ).
537 3382 653 3426 Cum
677 3382 903 3441 Dionysio
932 3381 1108 3426 faciunt
1133 3383 1296 3428 Cicero
1320 3384 1378 3429 de
1400 3387 1506 3429 Nat.

211 3455 270 3496 D.
296 3450 382 3507 ΙΙΙ,
414 3469 469 3513 19
491 3463 537 3497 et
556 3455 722 3498 Justin.
749 3456 900 3510 XLII,
925 3454 971 3498 3.
988 3455 1205 3500 Ceterum
1226 3456 1285 3501 cf.
1314 3458 1368 3502 Ο.
1386 3460 1508 3502 Mul-

214 3515 296 3567 lei·.
318 3525 441 3568 Min.
459 3540 508 3583 p.
538 3523 649 3569 280.

838 3639 864 3685 5
874 3675 884 3685 .

572 3756 610 3800 Ε
643 3755 825 3801 LIBRO
859 3757 1153 3804 SECUNDO.

283 3870 414 3914 Idem
443 3872 525 3927 lv,
568 3886 654 3928 177
692 3886 704 3914 ε
746 3868 967 3924 Διονύσιος
991 3873 1012 3917 6
1038 3875 1401 3929 Μιτυληναῖος
1433 3875 1513 3921 άν-

220 3939 387 4005 θρωπόν
419 3959 524 4006 φησι
545 3945 800 4004 γεγενῆσθαι
824 3943 1100 4009 παιδαγωγὸν
1124 3952 1198 3994 τοῦ
1221 3946 1384 4011 Φρίξου
1416 3948 1513 3995 ὀνό-

223 4031 327 4075 ματι
348 4012 494 4077 Κριόν.

291 4086 422 4130 Idem
452 4089 532 4144 IV,
564 4103 705 4148 119.
735 4084 953 4140 Διονύσιος
984 4090 1027 4134 ἐν
1058 4092 1144 4143 τοῖς
1179 4089 1516 4154 Ἀργοναυτικοῒς

224 4157 340 4219 λέγει
367 4156 498 4221 Κριὸν
530 4158 747 4222 γεγονέναι
769 4158 919 4225 Φρίξῳ
951 4162 1242 4225 παιδαγωγόν·
1267 4162 1312 4210 ὃν
1348 4184 1515 4229 πρωτον

1574 399 1741 458 φυγεῖν,
1779 395 1850 458 ὑφ’
1874 385 1924 440 06
1953 391 2028 440 καὶ
2051 390 2256 445 σωθέντος
2279 395 2352 439 τοῦ
2383 390 2574 456 νεανίου,
2598 393 2868 443 διαδεδόσθαι

1573 467 1629 518 ὣς
1654 464 1739 531 ἄρα
1762 465 1836 512 ἐπὶ
1866 469 1988 531 κριοῦ
2016 463 2146 530 μέχρι
2180 464 2368 530 Κόλχων
2393 464 2622 524 διασωθείη
2645 469 2669 513 6
2690 466 2866 531 Φρίξος.

1573 538 1750 583 Eadem
1784 554 1841 584 ex
1862 535 2074 602 Διονυσίῳ
2104 538 2148 583 ἐν
2185 536 2486 602 Ἀργοναύταις
2517 539 2666 584 schol.
2702 540 2763 585 ad
2795 542 2866 596 ΙΙ,

1579 616 1721 665 1144.

1639 683 1789 728 Idem.
1814 685 1863 742 1,
1891 682 1985 730 256
2006 699 2018 729 ι
2044 685 2098 730 Δ.
2122 683 2165 730 ἐν
2188 681 2228 746 β’
2251 682 2384 748 Κριὸν
2408 680 2512 749 φησὶ
2527 681 2692 747 Φρίξου
2711 681 2870 749 τροφέα

1572 752 1795 816 γενέσθαι,
1820 753 1896 801 καὶ
1927 752 2304 817 συμπεπλευκέναι
2334 756 2450 819 αὐτῷ
2474 756 2532 808 εἷς
2556 752 2770 819 Κόλχους.
2793 754 2874 803 Διὸ

1577 824 1652 872 καὶ
1685 826 1913 887 μυθεύεται
1936 824 1992 874 τὰ
2016 826 2114 892 περὶ
2133 830 2210 885 τῆς
2227 831 2301 874 τοῦ
2326 831 2448 892 κριοῦ
2472 825 2621 880 θυσίας
2644 825 2804 874 αὐτόθι.

1637 900 1757 947 Vide
1775 901 1976 946 Diodor.
1998 903 2081 958 IV,
2109 901 2189 958 46,
2210 902 2294 958 ubi
2316 911 2362 946 et
2379 902 2477 945 haec
2494 907 2543 949 et
2562 902 2652 946 alia
2664 901 2872 959 ejusdem

1573 970 1747 1016 farinae.
1773 971 1845 1017 Cf.
1867 974 2116 1033 Palaephat.
2139 971 2375 1018 Incredib.
2401 989 2443 1018 c.
2468 973 2548 1018 32.
2570 975 2722 1031 Quam
2741 975 2874 1020 aliter

1574 1043 1633 1087 de
1657 1045 1800 1089 ariete
1827 1045 1920 1090 hoc
1952 1054 2113 1090 narrat
2144 1047 2386 1090 Hecataeus
2420 1044 2505 1106 (fr.
2535 1044 2684 1109 337),
2708 1048 2875 1092 Milesii

1571 1116 1784 1175 Dionysii
1807 1118 2010 1176 aequalis.
2029 1119 2145 1163 Cum
2162 1118 2376 1177 Dionysii
2394 1117 2648 1179 paedagago
2670 1119 2875 1180 conferri

1573 1198 1780 1232 meretur
1803 1190 2016 1234 Characis
2039 1188 2123 1250 (fr.
2158 1188 2230 1250 12)
2254 1190 2374 1233 liber
2401 1205 2752 1251 pergameneus.
2795 1193 2867 1239 Cf.

1573 1260 1810 1305 Welcker.
1836 1263 1907 1306 De
1945 1262 2062 1320 cycl.
2095 1277 2145 1321 p.
2189 1261 2268 1318 83,
2309 1259 2515 1324 Mfiller„
2542 1264 2668 1311 Min.
2692 1279 2744 1325 p.
2785 1281 2868 1324 171

1573 1346 1665 1391 sq.,
1693 1333 1829 1378 Eum.
1850 1349 1901 1394 p.
1931 1333 2021 1393 139
2041 1349 2112 1394 sq.

1638 1513 1772 1558 Idem
1791 1515 1871 1572 IV,
1896 1515 1988 1560 223
2009 1529 2021 1563 ε
2042 1513 2100 1564 ‘O
2119 1514 2197 1578 μὲν
2214 1513 2496 1571 Ἀπολλώνιος
2522 1515 2742 1582 ἄπρακτον
2763 1520 2877 1567 ἀνα-

1574 1586 1776 1650 χωρῆσαι
1814 1586 1921 1652 φησὶ
1953 1586 2025 1634 τὸν
2051 1587 2223 1646 Αἰήτην
2249 1587 2326 1635 σὺν
2361 1588 2579 1654 ὀχήματι,
2605 1594 2877 1656 ἡνιοχοῦντος

1574 1656 1808 1723 Αψύρτου·
1828 1657 2094 1714 Διονύσιος“
2070 1659 2114 1707 οὲ
2131 1664 2153 1708 6
2170 1660 2433 1719 Μιλήσιος
2449 1681 2578 1728 φησιν
2597 1682 2663 1710 οτι
2679 1668 2876 1713 καταλα-

1575 1729 1663 1776 ὅὼν
1681 1729 1758 1788 τὴν
1776 1735 1878 1778 ναῦν
1899 1734 1921 1778 6
1941 1731 2135 1797 Αἰήτης,
2151 1732 2527 1799 παραταξαμένων
2546 1755 2631 1783 των
2649 1737 2875 1802 ἀριστέων,

1574 1794 1692 1884 Ἶφιν
1719 1804 1884 1851 ἀνεῖλεν
1909 1804 2139 1869 [Σθενέλου
2156 1806 2284 1871 υἱὸν],
2308 1806 2563 1873 Εὐρυσθέως
2585 1810 2783 1875 ἀδελφὸν,
2799 1811 2874 1860 καὶ

1576 1867 1703 1923 αὐτὸς
1726 1867 1908 1934 πολλούς
1933 1870 2145 1919 ἀπέέαλε.

1642 1943 1777 1988 Idem
1799 1946 1881 2005 IV,
1909 1945 2039 1991 228:
2072 1943 2291 2000 Διονύσιος
2314 1943 2359 1992 δὲ
2395 1947 2418 1993 6
2442 1944 2711 2004 Μιλήσιος
2745 1949 2876 2012 φησιν

1576 2012 1641 2060 δ’τι
1673 2013 1841 2074 Αἰήτης
1871 2015 2039 2072 ἐδίωξεν
2066 2016 2233 2073 αὐτούς·
2257 2020 2308 2065 οἱ
2332 2017 2377 2065 δὲ
2410 2021 2596 2084 ἀριστεῖς
2618 2020 2876 2081 ἠγωνίζοντο

1577 2086 1890 2147 ἀκοντίζοντες,
1916 2091 1954 2136 οἱ
1974 2088 2018 2137 δὲ
2036 2089 2137 2155 περὶ
2159 2090 2230 2138 τὸν
2248 2090 2415 2149 Αἰήτην
2435 2090 2634 2142 ἵππευον.
2649 2090 2788 2142 Ενθα
2801 2095 2878 2142 καὶ

1575 2153 1693 2226 Ἶφιν
1712 2162 1992 2221 τελευτησαι,
2012 2162 2084 2210 τὸν
2105 2163 2314 2212 Σθενέλου
2333 2163 2410 2226 μὲν
2431 2164 2538 2224 υἱὸν,
2560 2165 2815 2230 Εὐρυσθέως
2831 2167 2878 2215 δὲ

1578 2233 1775 2301 ἀδελφόν·
1800 2234 2107 2283 καταὸαλόντα
2134 2236 2218 2301 γὰρ
2244 2235 2318 2284 δύο
2352 2239 2435 2284 τῶν
2460 2237 2560 2302 περι
2594 2237 2812 2296 Αἰήτην“
2801 2259 2878 2286 ιπ-

1575 2304 1710 2363 πέων,
1738 2306 2121 2372 περικατάληπτον
2143 2307 2341 2371 γενέσθαι
2365 2308 2448 2356 ὑπὸ
2479 2314 2554 2357 τοῦ
2579 2309 2768 2373 Αἰήτου,
2799 2330 2878 2359 πε-

1581 2378 1802 2445 ριστάντος
1817 2379 1945 2427 αὐτὸν
1966 2381 2127 2446 βρόχῳ.
2141 2381 2218 2430 Ἔν
2235 2381 2279 2429 δὲ
2292 2385 2378 2436 τοῖς
2389 2381 2483 2441 ἑξῆς
2495 2381 2622 2449 φησὶν
2635 2385 2692 2438 ὡς
2708 2386 2746 2432 οἱ
2763 2384 2879 2433 Κόλ-
2928 2397 2935 2407 “

1576 2470 1649 2517 χοι
1669 2453 1728 2506 εἰς
1752 2451 1934 2517 φυγὴν’
1914 2452 2184 2517 ετράπησαν.

1645 2529 1807 2572 Aciem
1836 2527 2058 2572 describit
2086 2528 2289 2573 Diodor.
2314 2529 2396 2586 IV,
2433 2529 2518 2587 48,
2544 2531 2627 2576 ubi
2650 2532 2758 2576 libri
2788 2548 2878 2593 pro

1578 2602 1685 2662 Iphi
1707 2616 1959 2662 perperam
1978 2600 2201 2647 exhibent
2222 2604 2447 2663 Iphitum.

2205 2727 2250 2767 7.

1644 2817 1778 2863 Idem
1805 2819 1885 2874 IV,
1923 2815 2097 2863 1153.
2125 2813 2337 2863 Ἰστέον“’
2310 2834 2375 2862 οτι
2396 2815 2585 2877 Τιμαίου
2611 2819 2695 2879 (fr.
2731 2819 2783 2882 8)
2801 2817 2880 2864 λέ-

1536 2917 1539 2920 ·
1583 2907 1728 2952 γοντος
1747 2890 1790 2936 ἐν
1824 2887 2029 2954 Κερκύρα
2059 2886 2158 2942 τοὺς
2186 2888 2352 2951 γάμους
2387 2890 2587 2951 (Iasonis
2605 2901 2652 2935 et
2673 2893 2878 2961 Medeae)

1584 2963 1794 3026 ἀχθῆναι,
1819 2958 2039 3014 Διονύσιος
2062 2964 2084 3007 6
2103 2959 2411 3018 Μιλήσιος’
2392 2980 2436 3007 εν
2467 2960 2650 3027 δευτέρω
2673 2981 2758 3009 των
2784 2964 2878 3029 Ἀρ-

1585 3036 1864 3097 γοναυτικῶν,
1885 3035 1928 3081 ἓν
1953 3032 2173 3098 Βυζαντίῳ
2197 3031 2342 3098 φησίν.

1647 3109 1888 3154 Diodorus
1905 3110 1986 3165 IV,
2013 3117 2091 3169 49,
2114 3108 2319 3153 reditum
2345 3109 2523 3168 Argon.
2542 3111 2704 3168 paucis
2722 3112 2880 3156 absol-

1583 3198 1696 3227 vens
1725 3182 1913 3242 nuptias
1941 3197 2040 3226 non
2071 3191 2434 3239 commemorat,
2465 3184 2693 3242 appulisse
2728 3194 2883 3231 tamen
2948 3201 2954 3205 “
2985 3178 2994 3211 3²

1584 3257 1877 3315 Argonautas
1894 3253 2009 3299 dicit
2026 3254 2297 3315 Byzantium
2308 3287 2321 3310 ,
2345 3252 2678 3317 βασιλεύσαντος
2696 3254 2792 3302 τότε
2807 3260 2884 3316 τῆς

1584 3325 1732 3391 χώρας
1755 3325 1986 3381 Βύζαντος.

2214 3399 2258 3445 8.

1652 3517 1786 3562 Idem
1805 3519 1850 3573 Ι,
1880 3532 1898 3560 1
1913 3516 2001 3579 116
2023 3532 2033 3560 z
2054 3513 2211 3563 Πεδίον
2229 3513 2430 3572 Νηπείας
2447 3514 2537 3562 ἐστὶ
2556 3515 2655 3581 περὶ
2682 3515 2881 3572 Κύζικον·

1587 3586 1666 3646 τὴν
1692 3585 1736 3634 δὲ
1761 3585 1966 3644 Νήπειαν
1994 3584 2271 3640 Διονύσιος
2294 3588 2316 3632 6
2340 3584 2609 3643 Μιλήσιος
2639 3587 2784 3636 πεδίον
2808 3593 2885 3647 τῆς

1590 3659 1762 3712 Μυσίας
1792 3663 1920 3725 φησὶν
1945 3651 2068 3706 εἶναι·
2094 3663 2116 3706 6
2135 3657 2218 3724 γὰρ
2240 3657 2439 3722 βασιλεὺς
2461 3661 2546 3706 τῶν
2568 3662 2731 3707 Μυσῶν
2751 3665 2882 3725 θυγα·

1589 3731 1693 3795 τέρα
1710 3730 1853 3780 Ἰάσου
1878 3729 2036 3793 ἔγημεν
2053 3729 2283 3791 Ὄλυμπος
2307 3729 2509 3788 Νήπειαν
2533 3729 2684 3793 ὄνομα·
2705 3732 2779 3779 καὶ
2803 3753 2882 3781 κα-

1590 3801 1784 3870 τῴκησεν
1818 3804 1862 3849 ἐν
1889 3805 1950 3867 τῷ
1969 3802 2106 3868 πεδίῳ
2128 3800 2288 3866 τούτῳ,
2310 3800 2333 3848 6
2353 3805 2424 3847 νῦν
2452 3801 2569 3864 [ἀπὸ
2588 3801 2777 3868 ταύτης]
2802 3824 2886 3853 κα-

1590 3879 1729 3925 λεῖται
1750 3874 1944 3932 Νηπείας
1960 3874 2122 3922 πεδίον.

1656 3953 1712 3996 V.
1732 3952 2008 4009 interpretes
2037 3949 2096 3994 ad
2114 3950 2254 3993 Hom.
2285 3949 2425 4005 11.11,
2458 3947 2568 4005 8283
2592 3951 2882 4010 Marquardt.

1595 4024 1784 4081 Cyzicus
1792 4039 1834 4068 ιι.
1842 4027 1941 4066 seltz
1953 4022 2111 4066 Gebiet
2121 4037 2169 4080 p.
2193 4036 2253 4065 20
2267 4036 2336 4079 sq.
2353 4023 2534 4066 Locum
2543 4036 2598 4066 ex
2613 4023 2884 4082 Argonauti-

1593 4098 1656 4141 cis
1674 4097 1871 4156 petitum
1890 4109 1983 4139 esse
2002 4110 2099 4139 non
2119 4095 2350 4149 assever03
2375 4093 2651 4152 Dionysium
2665 4110 2778 4140 vero
2799 4096 2885 4139 hu-

1587 4168 1662 4227 jus
1686 4169 1777 4212 loci
1802 4167 2002 4213 eundem
2019 4168 2170 4212 habeo
2190 4182 2295 4210 cum
2313 4181 2387 4223 eo,
2406 4181 2545 4227 quem
2565 4167 2753 4226 reliquis
2772 4168 2889 4214 locis

228 4228 477 4292 αἰσθόυ.ενον
499 4230 619 4289 τὴν’
601 4251 648 4279 εκ
672 4235 747 4290 τ’ῆς
772 4240 980 4297 μητρυιᾶς
1011 4233 1294 4298 ἐπιδουλὴν,
1289 4236 1516 4284 ὑποθέσθαι
1593 4240 1834 4285 scholiasta
1862 4238 2035 4284 laudat

2983 692 3016 713 ⁷„
