3016 4628
31 0 79 86 τ’

26 616 58 737 -aeff

1275 287 1690 337 FRAGMENTA.

165 406 284 482 (ὅροι
303 408 344 453 ἐν
355 410 406 470 τῇ
428 398 765 465 (Γλλάδιμισθὸν
780 397 1297 466 ἀργύριονλαμὸάνουσιν,
1317 397 1447 448 ου’τυς

164 483 279 525 ουτοι
301 477 354 524 τὰ
378 477 491 524 σιτία
517 474 637 539 παρὰ
663 478 737 521 τοῦ
778 471 985 536 βασιλέως
1011 472 1068 524 εἷς
1095 470 1302 532 υπόλογον
1325 470 1442 530 λαμ-

143 549 378 597 ’6άνουσιν.
406 546 535 598 Ode.»
557 547 602 594 δὲ
627 545 701 593 καὶ
723 543 843 609 παρὰ
863 546 948 596 τοῖς
979 542 1122 596 ἄλλοις
1149 541 1337 606 Πέρσαις
1359 547 1446 593 τοῖς

163 624 205 668 ἐν
231 620 454 685 δυναστεία
474 613 590 667 ουσιν
615 615 748 682 ἀθρόα
774 616 916 662 πάντα
938 614 992 662 τὰ
1016 614 1130 662 σιτία
1154 614 1225 660 ἐπὶ
1245 612 1322 671 τὴν
1342 612 1444 677 τρά-

160 696 292 750 πεζαν
281 691 609 782 Ηπαρατίθεται·
633 689 804 736 ἐπειδὰν
825 687 869 735 δὲ
894 690 931 735 οἱ
952 686 1193 734 σύνδειπνοι
1214 684 1447 742 δειπνήσω-

161 782 228 824 σι,
251 767 335 811 τῶν
361 763 445 810 ἀπὸ
468 766 545 820 τῆς
567 760 780 826 τραπέζης
799 757 1204 824 παραλειπομένων,
1232 756 1446 820 (καταλεί-

159 855 288 883 πεται
311 834 356 883 δὲ
379 834 434 882 τὰ
457 836 640 882 πλεῖστα
667 831 776 899 κρέα
797 850 872 879 και
897 830 1042 896 ἄρτοι,
1056 834 1068 892 )
1093 833 1115 877 6
1134 834 1211 887 τῆς
1234 827 1447 895 τραπέζης

159 907 491 970 ἐπιμελούμενος
515 906 684 953 δίδωσιν
711 904 878 969 ἑκάστῳ
894 906 978 950 τῶν
1003 905 1192 950 οἰκετῶν·
1215 902 1288 949 καὶ
1308 905 1445 963 ταῦτα

158 979 320 1039 λαὸὼν,
339 978 416 1038 τὴν
440 979 535 1026 καθ’
551 979 720 1043 ἡμέραν
748 977 838 1042 ἔχει
862 975 1038 1042 τροφήν.
1111 973 1243 1039 Παρα
1267 973 1350 1038 γὰρ
1374 973 1444 1020 τὸν

161 1052 341 1122 βασιλέα
357 1054 557 1118 φοιτῶσιν
572 1053 610 1098 οἱ
636 1049 907 1113 ἐντιμότατοι
926 1052 1010 1096 τῶν
1028 1046 1325 1094 συνδείπνων’
1310 1065 1380 1093 επι
1399 1045 1445 1092 τὸ

159 1119 328 1191 ἄριστον
354 1125 497 1188 μόνον,
521 1123 592 1171 διὰ
609 1123 657 1171 τὸ
663 1126 979 1214 παρῃτῆσθαι,
1000 1119 1071 1167 ἵνα
1105 1118 1165 1183 μὴ
1190 1119 1252 1173 δις
1275 1118 1444 1184 πορεύ-

117 1239 121 1244 .
156 1216 313 1254 ωνται,
334 1194 446 1244 ἀλλα
465 1215 539 1243 και
559 1193 680 1242 αὐτοι
695 1194 791 1249 τους
810 1192 1079 1247 συνδείπνους
1098 1192 1404 1256 ὑποδέγιι)νται.
1426 1215 1443 1231 ›

779 1327 819 1370 3.

222 1457 373 1515 Etym.
396 1455 455 1500 Μ.
478 1472 526 1516 p.
553 1462 662 1512 247,
685 1461 780 1508 41:
803 1453 1026 1510 Δανάκης,
1047 1450 1309 1514 νομίσματός
1331 1453 1444 1498 ἐστιν

156 1525 290 1588 ὄνομα
319 1525 600 1591 βαρόαρικὸν,
620 1524 749 1572 πλέον
771 1525 941 1588 ὂὸολοῧ,
966 1524 988 1572 ὃ
1011 1524 1096 1578 τοῖς
1113 1543 1279 1590 νεκροις
1293 1525 1335 1570 ἐν
1358 1529 1444 1580 τοῖς

38 1653 43 1660 ,
89 1611 93 1616 ·
156 1597 364 1659 στόμασιν
379 1597 568 1645 ἐτίθεσαν
583 1598 821 1662 (Sequitur
839 1599 1003 1658 fragm.
1027 1598 1292 1642 Callimachi
1318 1613 1334 1640 1
1351 1599 1441 1657 1·o)

134 3066 240 3107 'dem
265 3067 343 3107 cibi
372 3066 580 3106 confertim
609 3077 757 3106 mensae
792 3066 1051 3116 imponuntur
1084 3082 1093 3106 :

155 1668 320 1735 εἴρηται
345 1669 387 1715 δὲ
410 1669 620 1727 δανάκης,
646 1671 669 1715 6
696 1675 782 1722 τοῖς
802 1669 972 1722 δαναοῖς
1001 1666 1334 1759 ἕμὸαλλόμενρς·
1361 1668 1443 1714 δα-

154 1741 247 1788 ναοὶ
264 1742 346 1806 γὰρ
366 1743 403 1788 οἱ
423 1738 586 1806 νεκροί
602 1740 818 1787 τουτέστιν
845 1737 986 1804 ξηροί,
1012 1738 1118 1786 δανὰ
1142 1739 1224 1804 γὰρ
1243 1738 1298 1785 τὰ
1319 1738 1440 1804 ξηρά.

155 1812 476 1877 Ηρακλείδης’
457 1832 499 1859 εν
519 1833 581 1859 τι)
605 1812 787 1878 δευτέρῳ
807 1817 890 1859 τῶν
915 1815 1157 1877 Περσικων.

219 1887 288 1932 Cf.
312 1887 441 1932 Suid.
465 1903 498 1932 s.
523 1903 565 1933 v,
592 1897 637 1931 et
654 1888 851 1946 Hesych.
874 1904 920 1934 v.
938 1885 1136 1942 Δανάκη.
1158 1888 1326 1932 Pollux
1344 1890 1442 1949 IX,

156 1959 247 2004 82:
263 1956 352 2006 Τὸν
368 1957 556 2015 δανάκην
575 1949 685 2004 εἶναί
701 1957 810 2012 τινές
823 1976 929 2023 φασι
947 1957 1140 2020 νόμισμά
1154 1977 1195 2004 τι
1214 1958 1442 2022 Περσικόν.

154 2032 270 2084 Vide
285 2031 1060 2091 8ζερ11.ΤΙιθεειιιι’.5.ν.Δανάκης,
1085 2029 1284 2090 Δανικόν,
1307 2029 1443 2094 ‘Hp-v.-

154 2102 334 2159 δανάκη.

782 2200 824 2246 4.

220 2276 462 2354 Athenaeus
485 2310 602 2364 XII,
624 2324 670 2368 p.
694 2308 805 2364 517,
829 2311 899 2352 B:
930 2305 1266 2370 Ἡρακλείδης
1243 2306 1278 2352 o’
1303 2311 1325 2354 6
1353 2309 1444 2354 Κυ-

154 2383 293 2438 μαῖος,
311 2381 332 2424 6
347 2377 402 2425 τὰ
427 2377 621 2444 Περσικὰ
638 2378 944 2442 συγγράψας,’
925 2398 968 2426 εν
985 2384 1072 2431 τοῖς
1088 2377 1443 2443 ἐπιγραφομένοις

155 2452 582 2515 Παρασκευαστικοῖς
602 2449 747 2507 εἷπων,
764 2453 820 2502 ὣς
842 2451 906 2496 6'
887 2469 930 2495 εν
951 2453 1003 2513 effi
1029 2449 1298 2516 λιὸανοφόρω
1318 2450 1443 2516 χώρα

111 2570 114 2573 ⁴
154 2520 358 2585 βασιλευς
379 2520 610 2583 αὖτονομός
632 2520 679 2567 τέ
703 2523 794 2568 ἐστι
815 2541 889 2568 και
914 2521 1078 2575 οὐδενὸς
1102 2522 1311 2580 ὑπήκοος,
1334 2522 1444 2586 γρά-

152 2611 221 2655 φει
237 2592 311 2640 καὶ
332 2598 484 2641 ταῦτα·
510 2616 529 2635 «
557 2586 695 2647 Οἷτος
715 2595 751 2640 δ’
770 2594 1031 2657 ὑπερὸάλλει
1050 2598 1104 2658 τῇ
1122 2599 1260 2660 τρυφῇ
1282 2594 1356 2640 καὶ
1375 2598 1444 2660 ῥα-

152 2663 298 2729 θυμίᾳ.
379 2665 600 2730 Διατρίὸει
624 2685 668 2712 τε
699 2665 783 2731 γὰρ
814 2665 882 2713 ἀεὶ
913 2669 957 2712 ἐν
981 2673 1067 2720 τοῖς
1106 2666 1370 2756 βασιλείοιςΜ,
1399 2669 1442 2713 ἐν

149 2741 287 2803 τρυφῇ
305 2737 380 2784 καὶ
401 2739 571 2803 δαπάνῃ
591 2737 663 2785 τὸν
682 2738 771 2800 βίον
796 2738 970 2801 διάγων,
991 2738 1064 2785 καὶ
1081 2738 1261 2803 πράττει
1281 2738 1375 2786 οὐδὲ
1394 2738 1442 2785 ἓν

150 2875 255 2914 niam
285 2886 357 2926 pro
378 2875 576 2926 stipendio
591 2875 811 2925 accipiunt,
829 2876 884 2915 sic
910 2876 974 2915 isti
992 2887 1016 2915 a
1036 2887 1125 2926 rege
1151 2876 1352 2926 accipiunt
1379 2876 1440 2915 vi·

151 2941 281 2989 ctum,
301 2939 426 2991 quiin
441 2939 678 2990 stipendium
698 2939 774 2978 illis
804 2939 1037 2989 imputatur.
1063 2939 1152 2979 Pari
1172 2941 1307 2979 autem
1323 2940 1442 2979 modo

150 3003 255 3054 apud
273 3003 370 3043 alios
391 3006 549 3053 Persas,
569 3003 638 3053 qui
660 3003 799 3042 alicui‘
789 3003 954 3053 imperio
970 3005 1162 3054 praesunt,
1190 3015 1329 3043 omnes
1350 3004 1441 3053 qui-

1129 3067 1198 3107 sed
1231 3069 1441 3118 postquam

150 3133 356 3172 coenarunt
371 3131 571 3181 convivae,
588 3131 638 3171 de
656 3131 717 3170 liis
733 3142 822 3186 quae
838 3142 861 3170 a
873 3142 1010 3171 mensa
1025 3134 1234 3182 supersunt
1252 3132 1443 3183 (superest

149 3198 282 3235 autem
296 3193 464 3246 plurima
478 3196 570 3245 pars
581 3196 620 3234 et
635 3194 814 3234 carnium
830 3196 870 3234 et
902 3196 1067 3245 panum)
1102 3198 1262 3235 curator
1298 3207 1442 3236 mensae

149 3259 311 3310 singulis
338 3257 645 3298 domesticorum
675 3270 786 3298 suam
810 3259 953 3308 cuique
975 3259 1197 3308 portionem
1220 3260 1440 3310 distribuit;

150 3335 270 3375 quam
288 3324 357 3374 qui
373 3325 545 3374 accepit,
562 3324 595 3363 is
609 3324 798 3363 diurnum
814 3325 966 3363 victum
980 3324 1111 3364 habet.
1128 3328 1228 3364 Nam
1244 3325 1292 3364 ad
1312 3337 1442 3376 regem

151 3388 407 3429 convivarum
433 3388 722 3427 honoratissimi
738 3399 818 3428 non
834 3389 908 3428 nisi
924 3388 975 3429 ad
997 3388 1207 3439 prandium
1225 3390 1440 3438 accedunt;

107 3453 114 3473 '·
150 3450 293 3501 quippe
307 3450 375 3500 qui
400 3450 597 3500 deprecati
613 3452 728 3500 sunt,
747 3462 796 3490 ne
816 3451 875 3491 bis
901 3452 1037 3491 venire
1058 3454 1280 3502 teneantur,
1298 3464 1378 3503 quo
1403 3456 1442 3492 et

150 3512 220 3564 ipsi
236 3524 326 3553 suos
345 3514 526 3575 excipere
555 3514 744 3555 convivas
759 3516 965 3565 possint.»

771 3585 812 3624 3.

165 3643 399 3700 ¹,nanaoes
417 3651 527 3690 numi
546 3661 691 3691 nomen
708 3651 984 3702 barbaricum3
1012 3652 1130 3692 obolo
1157 3653 1299 3702 major,
1321 3662 1439 3704 quem

152 3712 316 3752 mortuis
342 3713 383 3752 in
406 3725 452 3753 os
475 3716 640 3764 ponunt.
669 3717 848 3754 Danaces
869 3722 966 3755 vero
985 3717 1207 3766 appellatur
1233 3719 1442 3767 propterea

151 3774 257 3824 quod
270 3776 422 3822 δαναοῖς
435 3777 628 3827 injicitur;
639 3789 733 3817 nam
741 3778 874 3817 δαναοί
890 3780 981 3820 sunt
999 3790 1085 3818 mor
1088 3780 1160 3828 tui,
1171 3779 1210 3818 id
1226 3782 1309 3820 est:
1325 3781 1440 3831 sicci;

151 3846 242 3878 nam
257 3840 353 3879 δανὰ
366 3840 556 3880 dicuntur
566 3841 686 3881 sicca.
705 3841 938 3881 Heraclides
953 3842 1054 3882 libio
1065 3843 1240 3882 secundo
1257 3846 1312 3883 De
1326 3845 1443 3884 rebus

767 3974 812 4014 4.

136 4053 143 4063 ·
202 4040 426 4081 Heraclides
446 4049 541 4081 vero
561 4044 785 4092 Cumanus,
809 4043 843 4082 is
872 4040 939 4093 qui
958 4042 1113 4082 Persica
1132 4039 1308 4094 scripsit,
1337 4046 1440 4094 post·

153 4112 273 4154 quam
299 4106 340 4145 in
361 4117 409 4145 ea
434 4109 545 4156 parte
567 4108 696 4158 operis
720 4119 810 4158 quae
841 4108 1126 4158 praeparatoria
1159 4108 1443 4158 (introductio)

153 4165 390 4219 inscribitur,
416 4170 539 4220 (lixit,
568 4182 698 4221 regem
724 4167 894 4221 regionis
918 4171 1123 4211 tliurilerae
1145 4171 1206 4210 sui
1234 4172 1333 4221 juris
1360 4183 1443 4213 esse

69 4236 81 4259 ί
122 4230 352 4272 sanamus
376 4231 538 4283 imperio
561 4235 807 4286 subjectum,
826 4236 926 4274 inter
956 4235 1032 4274 alia
1063 4236 1149 4274 liaec
1178 4246 1335 4285 quoque
1351 4238 1443 4276 scri·

388 4316 618 4346 FRAGMENTA
638 4318 735 4346 nlsl'.
754 4319 820 4346 Gn.
847 4330 888 4336 —-
916 4320 999 4347 VOL·
1024 4321 1062 4348 ΙΙ.

2737 294 2795 336 97

1521 402 1725 458 πρᾶγμα,
1746 394 1841 440 οὐδὲ
1867 394 2037 445 πολλοῖς
2062 394 2310 449 πλησιάζει,
2331 397 2439 441 ἀλλὰ
2461 397 2662 451 δικαστὰς
2685 398 2808 449 αὐτὸς

1521 464 1802 512 ἀποδεικνύει·
1829 484 1901 511 και
1924 464 1996 511 ἐάν
2020 484 2082 517 τις
2105 464 2256 517 αὐτους
2275 469 2432 528 ἧγτται
2455 488 2514 527 μη
2543 469 2715 523 δικαίως
2741 471 2807 516 δε-

1521 536 1762 595 δικακέναι,
1785 535 1876 583 ἔστι
1895 535 2051 599 θυρὶς
2034 555 2075 581 εν
2097 538 2157 581 τῶ
2179 538 2434 602 υψηλοτάτω
2456 560 2537 585 των
2563 542 2807 602 βασιλείων,

1520 608 1593 655 καὶ
1618 608 1726 667 αύτη
1752 607 1901 655 ἁλύσει
1922 607 2104 656 δέδεται.
2130 607 2186 655 O
2208 612 2278 654 οὐν
2306 610 2537 671 ἡγούμενος
2563 613 2714 667 ἀδίκως
2740 616 2807 660 δε-

1519 679 1720 726 δικάσθαι
1747 678 2090 741 ἐπιλαμὸάνεται
2126 683 2201 736 τ’ἧς
2239 679 2455 740 ἁλύσεως,
2486 702 2558 728 και
2593 683 2706 730 ἔὶκει
2732 686 2809 740 τὴν

1522 749 1696 816 θυρίδα,
1722 752 1796 799 καὶ
1820 754 1842 798 6
1867 749 2090 814 βασιλεὺς,
2129 750 2302 798 ἐπειδὰν
2329 751 2558 815 αἴσθηται,
2591 758 2807 817 εἰσκαλεῖ,

1519 824 1594 871 καὶ
1615 824 1740 878 αὐτὸς
1759 823 1936 879 δικάζει.
1962 823 2052 871 Καὶ
2078 820 2151 869 ἐὰν
2174 823 2408 888 φαίνωνται
2429 828 2466 871 οἱ
2490 827 2685 873 δικασται
2714 828 2812 874 ἀδί-

1518 916 1602 951 κως
1623 896 1897 954 δικάσαντες,
1919 894 2274 953 ἀποθνήσκουσιν·
2312 896 2395 943 ἐὰν
2418 895 2461 943 δὲ
2485 899 2657 952 δικαίως
2673 935 2686 959 ,
2706 903 2727 946 6
2747 920 2811 945 κι-

1518 968 1653 1027 νήσας
1679 969 1759 1027 τὴν
1785 968 1932 1034 θυρίδα
1962 968 2218 1016 ἀπόλλυται.
2246 991 2265 1009 »
2295 968 2366 1016 Τὰ
2391 969 2426 1015 δ’
2452 968 2717 1032 ἀναλώματα
2744 972 2811 1017 λέ·

1518 1061 1583 1105 γει
1607 1045 1682 1099 τῆς
1706 1040 1872 1105 ἡμέρας
1896 1042 1955 1094 εἷς
1979 1040 2049 1087 τὸν
2073 1039 2254 1104 βασιλέα
2282 1039 2356 1086 καὶ
2380 1039 2455 1094 τὰς
2475 1041 2572 1106 περὶ
2597 1042 2719 1087 αὐτὸν
2742 1062 2812 1104 γυ-

1519 1115 1670 1166 ναῖκας
1690 1113 1763 1160 καὶ
1787 1112 1931 1177 φίλους
1954 1112 2144 1175 γίνεσθαι
2167 1113 2362 1159 τάλαντα
2387 1112 2695 1159 πεντεκαίδεκα
2725 1116 2809 1160 Βα-

1522 1185 1662 1232 &ule-'w
1670 1206 1710 1232 ια
1717 1224 1726 1232 .
2721 1231 2744 1248 ⁴

2142 1253 2187 1302 5.

1589 1374 1832 1420 Athenaeus
1862 1377 1935 1430 ΙΙ,
1963 1390 2011 1434 p.
2044 1374 2123 1434 48,
2144 1375 2194 1418 C.
2231 1390 2241 1416 ε
2270 1371 2443 1432 Πρῶτοι
2469 1370 2512 1417 δὲ
2543 1372 2729 1436 Πέρσαι,
2757 1374 2810 1427 ὥς

1519 1471 1647 1517 φησιν
1669 1450 1977 1517 Ηρακλείδης,
1999 1469 2073 1497 και
2090 1469 2184 1503 τους
2205 1449 2455 1513 λεγομένους
2481 1450 2672 1515 στρώτας
2694 1455 2813 1516 ἐφεῦ-

1521 1543 1608 1588 ρον,
1630 1522 1700 1570 ι’να
1725 1523 1884 1585 κόσμον
1906 1522 1986 1587 ἔχῃ
2013 1526 2038 1580 ἡ
2063 1536 2246 1587 στρωσις
2269 1540 2343 1567 και
2368 1520 2583 1586 εὐάφειαν.

1746 1635 1816 1684 Ex
1854 1635 2075 1684 His-roms
2110 1656 2271 1684 necem
2309 1638 2579 1686 Prasino-1

2141 1749 2185 1791 6.

1588 1863 1820 1910 Plutarch.
1849 1866 2069 1909 Themist
2097 1880 2137 1908 c.
2163 1880 2256 1921 27³
2283 1861 2515 1926 ’Ἔφορος
2493 1861 2536 1908 οὲ
2559 1862 2632 1908 καὶ
2657 1863 2813 1910 Δείνων

1523 1937 1598 1999 (fr.
1625 1937 1701 1998 20)
1722 1954 1797 1981 και
1824 1933 2091 1999 Κλείταρχος
2116 1934 2190 1980 καὶ
2215 1934 2570 1997 Ἡρακλείδης,
2548 1954 2609 1980 ετι
2628 1936 2665 1981 δ
2692 1936 2813 1982 ἄλλοι

1519 2007 1707 2061 πλείονες
1726 2009 2086 2054 Themistoclem
2106 2024 2201 2053 non
2224 2008 2282 2053 ad
2307 2012 2634 2063 Artaxerxem,
2659 2010 2734 2054 sed
2758 2011 2815 2053 ml

1518 2084 1727 2127 Xerxem
1747 2083 1921 2126 venisse
1942 2082 2119 2126 dicunt.

2143 2203 2166 2218 5*-

2148 2227 2184 2247 J.

1585 2301 2010 2350 Pluta1ch.Artox
2031 2323 2071 2350 c.
2097 2306 2188 2350 23:
2208 2302 2733 2367 Ἐνιοιμέντοιλέγουσιν,
2750 2310 2809 2351 ὧν

1519 2378 1609 2423 ἐστι
1640 2375 1714 2423 καὶ
1741 2375 2028 2440 (Ηρακλείδης
2062 2379 2084 2422 6
2113 2379 2381 2438 Κυμαιος,ο
2360 2379 2407 2424 οὐ
2443 2377 2544 2438 μίαν
2573 2378 2700 2439 μόνον
2725 2399 2807 2425 των

1520 2447 1763 2513 θυγατέρων
1807 2449 1888 2513 (sc.
1922 2445 2000 2504 τὴν
2041 2446 2304 2512 Ἄτοσσαν),
2338 2449 2450 2496 ἀλλὰ
2482 2449 2556 2495 καὶ
2593 2450 2809 2514 δευτέραν,

1517 2521 1771 2585 Ἄμηστριν,
1789 2524 1929 2582 γῆμαι
1946 2519 2016 2567 τὸν
2037 2519 2326 2585 Ἀρτοξέρξην,
2346 2539 2445 2585 περι
2465 2516 2670 2585 ἡςόλίγον
2687 2522 2787 2569 ὅστε
2791 2552 2809 2559 -

1521 2613 1591 2659 ρον
1613 2594 1957 2655 ἀπαγγελοῦμεν.

1586 2669 1735 2728 Igitur
1765 2666 2024 2711 Heraclidis
2061 2669 2372 2711 narrationem
2403 2666 2626 2712 habemus
2653 2686 2695 2712 c.
2730 2687 2787 2726 9,-

1520 2742 1600 2785 ubi
1633 2749 1881 2798 postquam
1904 2738 2087 2783 dixerat
2116 2740 2391 2783 Plutarchus
2424 2742 2655 2798 Aspasiam
2688 2742 2813 2785 Pho-

1515 2872 1605 2916 bit:
1630 2892 1648 2910 «
1674 2876 1748 2914 Hic
1767 2887 1863 2914 vero
1883 2875 1924 2914 in
1947 2870 2048 2914 mira
2067 2875 2225 2914 luxuria
2241 2875 2487 2925 mollitieque
2506 2873 2618 2916 vivit.
2657 2879 2813 2928 Quippe

1515 2942 1743 2980 constanter
1762 2940 1803 2978 in
1816 2940 1922 2990 regia
1941 2940 2134 2988 moratur,
2151 2935 2277 2978 vitam
2298 2939 2338 2978 in
2354 2939 2503 2978 deliciis
2522 2943 2561 2979 et
2581 2944 2812 2991 sumptuoso

1516 3005 1613 3043 luxu
1649 3004 1868 3053 transigens
1906 3019 1915 3042 :
1946 3013 2078 3052 neque
2104 3002 2322 3053 quidquam
2352 3004 2495 3052 negotii
2520 3004 2653 3053 gerit:
2679 3017 2751 3044 nec
2775 3006 2812 3044 in

1515 3069 1771 3118 conspectum
1785 3067 2051 3107 multitudinis
2066 3067 2213 3117 prodit.
2229 3067 2306 3106 Sed
2321 3067 2565 3117 iudicesipse
2580 3068 2706 3119 istuc,
2723 3070 2815 3120 illis]

1514 3132 1636 3180 legit:
1651 3141 1752 3181 quos
1764 3131 1797 3170 si
1815 3131 1903 3181 quis
1914 3132 2026 3181 putat
2039 3129 2182 3180 injuste
2194 3129 2402 3179 judicasse,
2413 3130 2492 3169 est
2483 3142 2523 3169 m
2535 3141 2692 3170 summa
2704 3135 2814 3181 parte

1515 3195 1631 3245 regiae
1649 3194 1836 3233 ostiolum
1854 3188 1994 3233 catena
2015 3193 2252 3233 revinctum
2284 3194 2361 3239 Qui
2389 3194 2508 3243 igitur
2525 3195 2724 3234 existimat
2752 3196 2812 3233 in·

1511 3260 1660 3309 joe-tam
1685 3260 1734 3299 de
1758 3271 1801 3302 se
1829 3260 2129 3310 pronuntiatam
2161 3270 2244 3299 esse
2276 3259 2541 3306 sententiam,
2566 3259 2598 3301 is
2623 3260 2812 3309 prehensa

1515 3326 1655 3364 catena
1675 3324 1863 3363 ostiolum
1880 3324 2032 3362 trahit:
2054 3325 2094 3362 et
2116 3334 2185 3362 rex
2211 3322 2277 3361 ubi
2301 3322 2339 3360 id
2363 3323 2506 3371 sensit,
2538 3323 2642 3362 intro
2672 3326 2810 3371 meat,

1514 3392 1554 3428 et
1583 3389 1663 3439 ipse
1689 3387 1754 3437 ,ius
1778 3389 1888 3427 dicit.
1922 3390 2050 3437 Tum,
2069 3388 2100 3427 si
2118 3387 2273 3436 judices
2299 3388 2490 3437 comperti
2516 3390 2606 3426 sunt
2627 3354 2810 3435 injustani

1515 3453 1794 3503 pronunciasse
1827 3452 2088 3500 sententiam,
2117 3451 2244 3501 capite
2273 3451 2528 3500 plectuntur:
2552 3451 2609 3489 sin
2637 3452 2809 3499 justam,

1514 3515 1638 3565 perit
1629 3526 1660 3553 ns
1675 3515 1743 3565 qui
1760 3516 1945 3554 ostiolum
1963 3515 2102 3554 movit.
2121 3531 2140 3548 »
2166 3514 2356 3564 Sumptus
2371 3517 2521 3562 autem,
2539 3514 2606 3563 qui
2626 3515 2662 3552 in
2683 3526 2766 3563 rogi
2772 3526 2809 3552 m

1514 3580 1680 3630 eJ'usque
1704 3579 1890 3618 mulieres
1905 3582 1945 3618 et
1967 3579 2116 3617 amicos
2135 3578 2312 3628 quotidie
2339 3577 2634 3627 impenduntur,
2652 3580 2708 3616 ait
2728 3590 2767 3615 e
2770 3590 2810 3613 se

1514 3643 1755 3683 talentorum
1771 3642 1999 3692 quindecim
2019 3642 2361 3692 Babylonicorum.

2146 3718 2162 3727 .-

2140 3730 2181 3756 o.

1567 3785 1689 3825 Primi
1716 3788 1867 3833 Persae,
1886 3786 1929 3823 ut
1950 3784 2085 3823 scribit
2105 3783 2351 3831 Heraclides,
2369 3784 2487 3821 etiam
2508 3782 2694 3820 stratores
2709 3790 2809 3829 quos

1516 3850 1664 3888 vocant
1690 3849 1950 3896 inv‚enerunt
1973 3849 2018 3886 ut
2042 3847 2286 3897 explicandis
2301 3846 2484 3894 stragulis
2509 3847 2589 3882 suis
2612 3845 2806 3881 ‹monstaut

1514 3913 1678 3950 ornatus
1694 3914 1733 3950 et
1749 3911 1880 3951 suavis
1902 3913 2121 3950 contactus.

2146 3980 2170 4017 7

1566 4050 1666 4087 Sunt
1674 4050 1808 4087 tamen
1818 4048 1887 4098 qui
1901 4047 2050 4095 dicant,
2065 4058 2115 4086 ex
2127 4047 2271 4096 quibus
2284 4048 2486 4085 Cumanus
2495 4045 2553 4082 est
2568 4040 2804 4088 Heraclidis

1514 4122 1595 4150 non
1611 4122 1731 4164 unam
1748 4111 1850 4150 hanc
1868 4113 2024 4150 tantum
2049 4110 2168 4149 filiam
2195 4120 2306 4147 suam
2328 4111 2595 4152 Artoxerxen,
2620 4103 2686 4142 scd
2706 4104 2805 4142 alu-

1517 4186 1602 4214 ram
1625 4186 1787 4225 quoquc
1821 4174 2074 4213 matrimonio
2097 4173 2168 4211 sibi
2197 4172 2372 4219 junxisse
2393 4168 2623 4214 Αιηοςίνὶιιι,
2652 4165 2701 4204 de
2727 4178 2805 4215 qm

1518 4249 1610 4277 mox
1632 4237 1822 4276 dicemus.

2569 4326 2586 4357 7
