3016 4628
262 362 349 401 ³6⁴

256 464 426 524 εἷσαγγε
409 458 531 506 ε7ίαῑ
555 453 592 521 [”
598 459 630 505 1
617 474 773 522 κρινον
795 453 936 508 δὲτὰς
960 450 1227 516 εἰσαγγελία
1216 453 1248 514 ]
1274 449 1395 512 ιῖὲιςμ
1400 470 1420 495 ν
1452 451 1537 497 Φι-

255 533 432 597 λόχορος
458 530 719 594 (Φιλόχανος
739 531 846 576 cod.
855 530 889 590 ),
902 526 1052 591 χιλίων
1076 523 1386 586 καθεζομένων,
1412 541 1469 574 ως
1494 519 1537 567 δὲ

256 604 500 669 Δημήτριος
522 605 545 649 ὃ
569 600 768 666 Φαληρε
755 620 826 659 υς,
849 599 999 664 χιλίων
1018 595 1326 644 πεντακοσίων.
1359 594 1538 639 Inclusa

254 678 484 738 supplevit
500 678 710 722 Meierus.

321 751 487 795 Pollux
504 746 756 804 V111‚53:
783 743 924 794 Χίλιοι
953 742 995 790 δὲ
1017 740 1129 788 κατὰ
1158 738 1234 801 μὲν
1256 736 1435 786 Σόλωνα
1463 733 1537 788 τὰς

256 818 523 883 εἰσαγγελίας
555 816 731 882 ἔκρινον
763 814 874 863 κατὰ
907 815 950 861 δὲ
979 812 1049 859 τὸν
1084 808 1316 875 Φαληρέα,
1335 806 1408 854 καὶ
1433 806 1536 870 πρὸς

255 890 546 939 πεντακόσιοι.

327 986 346 1005 α
382 965 453 1010 Ab
487 964 675 1008 Polluce
716 977 859 1021 quum
894 957 1153 1004 Demetrius
1181 953 1343 1000 Soloni
1382 967 1537 1010 oppo-

254 1046 407 1092 natur,
422 1044 474 1080 ut
489 1036 670 1081 Solonis
684 1034 871 1076 nomine
883 1032 1003 1089 leges
1016 1027 1215 1080 Solonis,
1232 1025 1293 1067 ita
1307 1023 1535 1067 Demetrii

254 1111 443 1154 nomine
458 1108 660 1153 Demet1
649 1123 680 1149 ιι
694 1106 812 1164 leges
827 1100 1069 1162 significari
1082 1096 1356 1150 credide1i53
1373 1103 1535 1139 contra

255 1197 307 1226 ea
323 1181 399 1225 hic
418 1179 737 1240 grammaticus
751 1190 892 1234 quum
901 1171 1103 1217 Demetl
1092 1184 1187 1213 ium
1198 1175 1406 1226 opponat
1421 1166 1534 1209 Phi-—

256 1251 475 1308 lochoro,
490 1261 544 1295 ut
567 1248 831 1294 l‘hilochmi
851 1245 1037 1289 nomine
1068 1239 1335 1286 Philochori
1361 1238 1529 1294 libros,

255 1326 317 1368 ita
336 1324 559 1368 Demetrii
577 1321 762 1365 nomine
777 1316 1002 1363 Demetrii
1020 1314 1164 1358 libros
1186 1308 1443 1370 significare
1459 1311 1534 1353 vi-

255 1397 391 1441 detur
405 1412 417 1451 ;
439 1396 561 1439 hunc
575 1395 713 1452 igitur
728 1392 788 1435 sic
808 1392 1111 1447 interpretere
1126 1420 1137 1441 ‚
1156 1384 1282 1444 quasi
1299 1397 1412 1426 vero
1426 1381 1533 1426 Phi-

256 1469 473 1512 lochorus
501 1465 753 1510 narraverit
786 1463 843 1506 de
865 1454 1145 1521 εἷσαγγελίαις
1172 1468 1352 1512 semper
1381 1453 1530 1509 mille,

254 1540 513 1585 Demetrius
529 1546 679 1582 autem
695 1534 936 1579 tradiderit
956 1532 1013 1576 de
1033 1531 1085 1573 iis
1100 1542 1279 1586 semper
1297 1527 1387 1570 MD
1405 1525 1534 1583 judi·

254 1628 327 1656 ces
337 1611 560 1669 judicasse
575 1644 587 1666 ‚
607 1623 766 1668 quum,
788 1607 1022 1650 Pollucem
1037 1603 1072 1646 si
1090 1600 1219 1644 audis
1232 1633 1244 1654 ,
1261 1599 1372 1642 olim
1396 1598 1532 1643 Solo-

256 1685 324 1726 nis
337 1682 511 1742 legibus
523 1681 647 1724 mille
660 1714 671 1735 ,
690 1687 846 1738 postea
863 1674 1084 1721 Demetrii
1104 1688 1159 1716 ex
1176 1670 1352 1730 legibus
1364 1671 1455 1715 MD
1474 1669 1533 1714 de

255 1751 535 1814 εἷσαγγελίαις
549 1752 814 1810 judicarint.
851 1751 1002 1807 Atque
1034 1760 1139 1789 cum
1169 1744 1260 1786 hoc
1292 1742 1531 1786 rhetorico

255 1826 404 1869 lexico
421 1833 472 1867 ut
495 1824 643 1867 facere
658 1823 810 1866 malim
823 1854 835 1876 ‚
855 1818 971 1863 illud
987 1818 1099 1861 mihi
1112 1814 1381 1875 persuadet,
1401 1814 1533 1873 quod

257 1897 478 1940 Demetrii
522 1895 651 1938 libris
688 1890 796 1955 Περὶ
831 1893 906 1946 τῆς
950 1886 1149 1945 Ἀθήνησι
1187 1883 1436 1946 νομοθεσίας
1473 1887 1532 1932 ab

256 1966 622 2026 Harpocratione
648 1974 732 2021 ter,
753 1964 809 2007 ab
832 1963 922 2006 hoc
947 1962 1094 2005 lexico
1123 1960 1362 2003 rhetorico
1392 1959 1532 2003 semel

253 2040 420 2083 diserte
437 2038 498 2098 (p.
518 2037 574 2094 67
584 2053 626 2094 2,
642 2036 704 2096 4),
725 2035 862 2080 semel
881 2035 1031 2077 minus
1047 2032 1214 2076 diserte
1236 2029 1296 2091 (p.
1315 2029 1430 2087 673,
1465 2029 1529 2090 4),

253 2111 348 2168 ejus
371 2119 523 2154 autem
558 2109 734 2168 legibus
755 2121 992 2165 nunquam
1028 2105 1085 2149 ab
1122 2104 1193 2148 his
1223 2103 1532 2164 grammaticis

254 2183 560 2226 testimonium
592 2181 895 2224 denunciatur
905 2195 918 2234 3
941 2179 1096 2236 itaque
1129 2176 1256 2236 apud
1292 2177 1532 2221 Pollucem

252 2269 439 2314 quoque
460 2263 558 2297 tum
578 2268 657 2309 eo,
685 2267 778 2312 quo
803 2266 927 2295 nunc
951 2251 1118 2311 agitur,
1145 2251 1252 2294 loco
1293 2250 1428 2305 VIII,
1454 2247 1530 2306 52,

249 2324 361 2371 κατὰ
391 2322 435 2371 δὲ
458 2322 530 2370 τὸν
552 2322 765 2387 Φαληρέα
794 2340 891 2369 ιιοιι
908 2321 1134 2383 significat
1150 2337 1212 2367 ex
1239 2322 1414 2383 legI‘bus
1437 2323 1532 2368 sive

250 2409 448 2458 tempore
465 2398 779 2453 Phalerensis,
807 2406 906 2440 tum
922 2397 1056 2451 VIII,
1096 2410 1210 2453 102,
1231 2390 1533 2457 νομοφύλακας

251 2468 295 2515 δὲ
315 2467 424 2516 κατὰ
446 2467 516 2515 τὸν
535 2469 772 2534 Φαληρέα,
792 2464 1186 2528 μετωνομάσθησαν
1210 2483 1309 2511 non
1331 2476 1399 2512 est
1425 2483 1532 2512 cum

251 2544 440 2588 Kuhnio
489 2543 814 2603 explicandum
861 2552 1059 2602 tempore
1092 2540 1407 2596 Phalerensis,
1450 2541 1533 2586 sed

251 2625 443 2675 uterque
467 2617 596 2660 locus
615 2615 674 2660 ad
693 2631 771 2660 eos
796 2631 914 2674 quos
937 2615 1138 2659 diximus
1156 2613 1302 2658 libros
1322 2615 1393 2658 De
1413 2614 1531 2675 legi-

251 2688 336 2732 bus
358 2689 511 2733 Atticis
529 2687 797 2732 referendus
817 2696 897 2734 est.
926 2688 953 2731 J
956 2702 1029 2731 am
1047 2687 1122 2731 via
1140 2696 1302 2746 parata
1334 2694 1422 2743 est,
1440 2702 1533 2746 qua

252 2760 487 2804 Pollucem
508 2776 611 2804 cum
633 2760 724 2804 hoc
747 2761 923 2815 lexicO,
947 2774 1039 2818 qua
1059 2759 1397 2804 Philochorum
1425 2775 1532 2803 cum

249 2834 484 2876 Demetrio
513 2833 820 2879 conciliemus.
846 2833 1028 2876 Etenim
1058 2832 1366 2876 Philochorus
1400 2832 1533 2890 quod

247 2905 372 2950 mille
395 2904 571 2962 judices
594 2905 652 2949 de
676 2903 958 2967 εἷσαγγελίαις
981 2904 1209 2963 judicasse
1238 2905 1445 2964 scripsit,
1471 2904 1532 2949 ad

244 2984 447 3021 veterem
487 2977 667 3021 Solonis
702 2979 849 3038 legem
869 3012 882 3037 ,
915 2978 1201 3036 Demetrius,
1236 2975 1368 3036 quod
1405 2977 1531 3021 mille

246 3050 519 3109 quingentos
551 3049 728 3107 judices
760 3052 810 3094 in
849 3051 937 3094 illis
970 3050 1339 3095 accusationibus
1365 3049 1531 3094 sedisse

246 3120 460 3177 tradidit,
483 3121 541 3165 ad
557 3137 735 3166 morem
757 3131 942 3182 postea,
960 3124 1116 3167 nescio
1138 3121 1329 3182 quaudo
1343 3156 1356 3179 ,
1375 3122 1530 3167 intro-

245 3194 435 3238 ductum
461 3195 706 3254 respexisse
727 3196 962 3256 putandus
986 3205 1065 3242 est.
1098 3217 1116 3237 ι)
1147 3195 1382 3241 Minimus.

853 3333 926 3361 11.

310 3429 470 3474 LexiC.
497 3429 634 3472 Rhet.
670 3445 720 3488 p.
743 3429 859 3486 673,
886 3430 911 3475 3
933 3447 978 3479 v.
1007 3428 1107 3494 [Ἥ]
1130 3429 1198 3493 μὴ
1220 3424 1354 3478 οὖσα
1381 3429 1528 3488 δίκη·

248 3497 493 3561 Δημήτριος
523 3500 545 3544 ὃ
578 3498 809 3563 Φαληρεὺς
841 3499 971 3555 ἐνίους
1005 3501 1119 3566 λέγει
1153 3506 1237 3550 τῶν
1271 3501 1531 3568 κρινομένων

247 3574 517 3631 κακοτεγνεῖν
552 3576 637 3623 τοῖς
670 3588 721 3616 οι
723 3590 891 3619 υκουσιν
935 3573 1327 3639 ἀντιλαγχάνοντας
1359 3574 1437 3632 τὴν
1471 3575 1531 3636 μὴ

250 3634 402 3692 ουσαν·
428 3640 490 3686 δεῖ
520 3639 602 3705 γὰρ
621 3640 715 3696 τους
736 3641 856 3707 [μὴ]
879 3643 984 3708 ὑπὲρ
1011 3645 1111 3693 δέκα
1135 3647 1340 3711 δραχμων
1369 3648 1528 3711 ἀμφισ·

251 3778 378 3825 mille,
408 3778 625 3819 secundum
656 3781 899 3821 Demetrium
923 3783 1155 3824 Phalereum
1191 3785 1296 3826 mille
1327 3784 1531 3837 quingenti

250 3841 451 3882 sedebant.

853 3913 869 3951 1
883 3913 922 3953 1:

300 3976 520 4016 Demetrius
539 3977 750 4016 Phalereus
771 3977 867 4018 dicit
885 3980 1096 4021 nonnullos
1127 3992 1213 4022 reos
1239 3984 1352 4024 malis
1381 3985 1533 4024 artibus

251 4039 290 4078 in
307 4042 553 4081 accusatores
570 4041 625 4081 uti
642 4052 688 4081 eo
700 4071 711 4091 ,
729 4042 838 4092 quod
853 4044 1140 4085 restitutionem
1155 4047 1236 4087 litis
1251 4051 1440 4098 peterent.
1459 4054 1533 4091 Dc·

253 4102 346 4141 bent
361 4103 463 4142 enim
484 4103 532 4154 ii,
551 4115 720 4155 quorum
746 4105 793 4145 lis
809 4108 867 4146 est
886 4107 987 4146 infra
1005 4108 1140 4148 decem
1156 4109 1434 4153 drachmarum
1449 4125 1534 4164 pre·

257 4166 353 4205 tium
366 4197 376 4215 ‚
397 4167 444 4206 ad
464 4169 632 4210 arbitros
654 4180 742 4209 cam
759 4170 922 4211 deferre.
944 4174 1070 4224 Atque
1089 4174 1149 4213 lex
1175 4178 1259 4215 erat
1277 4188 1326 4216 ne
1344 4178 1535 4228 ejusmodi

256 4241 369 4269 rausa
390 4231 426 4270 in
441 4232 633 4281 judicium
647 4235 849 4285 publicum
867 4236 1182 4279 introduceretur
1196 4242 1408 4291 antequam
1429 4243 1535 4293 apud

258 4293 422 4334 arbitros
448 4298 547 4338 esset
574 4297 777 4339 instructa.
811 4300 900 4340 Jam
928 4312 1019 4341 voro
1039 4304 1239 4354 nonnulli,
1273 4306 1340 4356 qui
1372 4307 1534 4356 justitiae

1237 339 1542 390 DEMETRII
1582 336 1899 386 PHALEREI

1616 447 1850 506 ὅητοῧντας
1893 443 2112 502 διαιτητὰς
2155 441 2258 489 δέκα
2300 440 2377 499 ἔτη
2417 440 2656 504 λαμδοίνειν
2673 461 2683 472 ·
2727 442 2792 492 διὸ
2829 464 2868 495 κ
2946 467 2948 470 ’

1612 521 1750 569 ἔκειτο
1776 518 1902 581 νόμος
1926 516 1987 579 μὴ
2010 514 2258 577 εἰσάγεσθαι
2283 513 2424 572 δίκην,
2446 515 2483 561 εἰ
2509 512 2569 576 μὴ
2588 513 2794 581 πρότερον
2818 516 2891 581 ἐξ

1613 589 1762 637 τασθε’
1726 609 1789 648 ειη
1819 592 1924 652 παρ’
1958 588 2100 640 αὐτοῖς
2124 585 2173 632 τὸ
2197 592 2405 648 πρᾶγμα·
2433 585 2566 640 ἐνίους
2599 585 2644 634 δὲ
2669 587 2845 665 ἀσθενὲς
2890 607 2911 651 -]
2978 620 2989 638 k

1614 659 1825 729 δίκαιον”
1803 679 1979 724 εχοντας
2002 657 2076 706 καὶ
2101 656 2344 711 δεδοικότας
2369 656 2447 715 τὴν
2471 650 2773 720 καταδίαιταν,
2839 667 2848 676 ’
2871 662 2918 723 5}

1613 751 1706 786 νους
1729 732 1960 793 ε’μδάλλειν
1977 750 2052 777 και
2072 727 2250 794 σκήψεις
2265 764 2277 787 ,
2293 727 2384 784 οἵας
2406 723 2598 778 δοκεῖν
2558 750 2666 779 ειναι
2683 731 2915 799 εὖλόγοιιξξᾎ

1614 803 1688 851 καὶ
1714 802 1762 850 τὸ
1788 803 1867 866 μὲν
1894 821 2065 867 πρωτον
2086 799 2470 867 παραγράφεσθαι,
2490 803 2541 852 τὸ
2565 805 2582 868 [
2604 802 2649 851 δὲ
2674 803 2913 876 δεύτερον

1612 873 1882 937 ὑπόμνυσθαι
1906 875 2028 922 νόσον
2053 872 2081 932 ἢ
2115 872 2383 935 ἀποδημίαν,
2412 893 2488 922 και
2515 877 2807 932 τελευτῶντας
2978 887 2985 912 ³

1612 947 1689 1004 τὴν
1710 946 1860 1012 κυρίαν
1885 948 2016 1004 αὐτῆς
2039 946 2172 1009 [τ’ῆς]
2197 945 2365 1003 διαίτης
2388 946 2555 1014 ἡμέραν
2575 949 2654 996 οὐκ
2679 950 2772 997 ἀπα
2831 980 2835 990 ·

1611 1038 1687 1072 τας
1701 1056 1714 1080 ,
1736 1020 2048 1094 [ἀπαντῶντας
2069 1018 2144 1081 δὲ]
2166 1016 2331 1082 ἡ[λίου]
2349 1017 2562 1080 δύνοντος,
2581 1021 2914 1087 οἰντιλιιιγχιιίνείζλ

1613 1090 1692 1148 τὴν
1719 1090 1780 1150 μὴ
1806 1083 1937 1138 οὖσαν
1972 1110 2033 1154 τῳ
2064 1089 2231 1153 ἑ7όντι,
2257 1089 2369 1139 ωστε
2395 1090 2438 1148 ἐξ
2470 1095 2673 1158 ὑπαρχῆς
2707 1093 2909 1161 ἂκέρα

1612 1164 1755 1216 αὐτοῖς
1774 1161 2059 1210 καθίστασθαι
2079 1161 2149 1210 τὸν
2176 1163 2203 1209 ἆ
2206 1182 2340 1227 γωνα.

1678 1246 1912 1290 Hactenus
1929 1245 2158 1290 Demetrii
2179 1247 2437 1294 sententia:
2453 1237 2778 1307 Subjiciuntur
2792 1264 2851 1298 ve
2885 1258 2919 1296 ῖζῒ
2960 1245 2985 1299 ;ῗ

1609 1317 1745 1361 haee:
1777 1316 1891 1362 Κατ’
1920 1314 2052 1370 ἐνίους
2077 1314 2122 1362 δὲ
2153 1319 2181 1374 ἡ
2210 1315 2424 1374 ἀντίληξις
2462 1318 2667 1382 [οὐδεμία
2687 1311 2860 1386 ην],
2896 1308 2986 1375 ,Ἴ

1614 1385 1758 1450 [δ’λ]ως
1795 1388 2042 1451 ἀντιλαχεῖν
2081 1385 2197 1447 ἐξην,
2231 1388 2306 1435 καὶ
2345 1388 2622 1456 μετέγραψαν
2658 1390 2687 1449 ἢ
2716 1389 2834 1447 ὅλως
2872 1400 2905 1451 ζ
2981 1397 2985 1446 j

1609 1463 1693 1507 τῶν
1715 1461 1843 1507 δικῶν
1866 1459 2000 1518 αὐτὴν
2027 1461 2216 1508 ἀνεῖλον·
2239 1461 2391 1510 τούτου
2412 1461 2457 1510 δὲ
2489 1461 2624 1511 αἴτιον
2642 1468 2670 1524 ἡ
2694 1484 2769 1513 του
2791 1463 2864 1514 ἔθ
2908 1483 2956 1533 g
2955 1492 2959 1499 ¹

1610 1530 1818 1597 ἔκλειψις
1840 1530 2051 1596 ἀνήρηται
2070 1531 2154 1598 γὰρ
2180 1531 2291 1596 μετὰ
2310 1535 2395 1581 τῶν
2423 1534 2598 1591 δυιιτῶν
2620 1538 2649 1593 ἡ
2675 1534 2957 1596 ιῖινιτιληξιςἔ

1610 1604 1741 1662 Ἐξην
1764 1603 1806 1652 δὲ
1833 1603 2202 1669 ἀντιλαγχάνειν’
2183 1605 2298 1660 εντὸς
2316 1609 2492 1672 ἡμερῶν
2515 1607 2633 1656 δέκα.

1678 1675 2106 1741 ἀντιλαγχάνοντας]
2131 1676 2497 1743 ἀντιλαγχάνουσι
2532 1682 2663 1729 cod:
2651 1698 2911 1748 ,κακοτεχ

1609 1754 1834 1805 νοῖντας..
1841 1749 2194 1814 .ἇντιλαγχάνειν
2211 1752 2343 1798 dedit
2361 1754 2543 1801 Meiere
2529 1755 2687 1813 ,idem
2702 1756 2921 1805 moxad

1609 1825 1730 1870 didit
1750 1822 1828 1886 μὴ;
1845 1853 1910 1860 -
1928 1821 2150 1881 διαιτητὰς
2163 1829 2179 1882 ]
2194 1826 2354 1875 Meier.
2364 1824 2625 1886 ,διαιτητεῒς
2634 1828 2807 1877 codex.

1608 1906 1761 1943 terum
1774 1899 1996 1945 Meierus:
2026 1918 2046 1938 «
2066 1900 2123 1943 In
2135 1894 2291 1943 δέκα”
2268 1915 2343 1954 ετη
2371 1897 2489 1958 quid
2513 1899 2665 1958 lateat,
2693 1901 2876 1947 nond
2944 1923 2956 1957 3

1605 1972 1847 2031 perspexi;
1879 1986 1987 2015 nam
2012 1970 2144 2030 quod
2163 1970 2211 2016 C.
2223 1971 2287 2018 F.
2310 1972 2640 2017 Hermannus'
2626 1987 2677 2016 m
2697 1973 2857 2019 Prooe
2948 1990 2954 2009 1

1607 2043 1709 2088 ind.
1746 2042 1895 2088 schol.
1931 2043 2171 2104 Marburg.
2199 2058 2260 2088 an
2285 2042 2540 2099 1833-34
2566 2043 2767 2104 conjecit
2789 2044 2861 2091 δι
2878 2069 2917 2109 ..ς

1607 2113 1686 2168 τὰς
1723 2114 1761 2161 δ’
1799 2118 1894 2162 sive
1935 2113 2152 2178 τέσσαρας
2193 2113 2534 2179 ἕπιλαμὸοίνειν,
2563 2116 2616 2162 id
2649 2131 2766 2163 sane
2852 2134 2947 2173 ιςω

1606 2190 1809 2235 multum
1844 2189 2023 2235 recedit
2050 2190 2108 2234 ah
2140 2190 2384 2234 literarum
2412 2190 2636 2251 vestigiis,
2677 2204 2817 2251 repg

1608 2271 1792 2320 autem,
1820 2264 1872 2307 ni
1895 2262 2052 2319 fallor,
2079 2270 2181 2307 tum
2214 2263 2317 2307 usui
2343 2263 2571 2309 sermonis
2601 2261 2756 2342 (certe
2781 2277 2866 2309 nu
2904 2252 2958 2324 γ’

1609 2351 1774 2395 quam,
1796 2335 1928 2395 quod
1943 2336 2098 2392 sciam,
2123 2331 2436 2396 ἐπιλαμὸοίνειν
2447 2322 2681 2392 διαιτητὴν
2689 2333 2906 2399 dicitur)
2911 2384 2914 2385 ⁷
2950 2336 2957 2367 Ῑ

1608 2416 1710 2454 tum
1747 2410 1888 2454 etiam
1919 2409 2065 2470 magis
2106 2409 2397 2468 antiquitatis
2435 2407 2573 2466 fidei3
2612 2423 2722 2454 nam
2756 2418 2841 2455 un

1609 2484 1875 2543 exemplum
1912 2496 2060 2527 causae
2097 2482 2157 2527 ab
2203 2492 2431 2542 quattuor
2471 2482 2656 2533 arbitris
2685 2480 2792 2540 judi
2810 2475 2908 2539 53¹

1608 2572 1666 2601 eo
1693 2558 1845 2602 minus
1872 2557 2047 2617 probat
2067 2557 2278 2603 debuisse
2307 2572 2466 2602 coram
2510 2556 2749 2617 quaternis
2776 2555 2944 2611 551ιῖ*
2970 2583 2973 2603 t

1608 2631 1691 2675 tris
1713 2644 1868 2676 causas
1890 2629 2156 2689 disceptari,
2174 2645 2270 2689 quo
2304 2630 2445 2689 plura
2463 2630 2683 2675 novimus
2692 2629 2920 2693 exempla}
2967 2650 2970 2651 ⁷

1607 2703 1758 2749 litium
1777 2702 1836 2748 ab
1851 2703 2042 2764 singulis
2063 2702 2250 2747 arbitris
2256 2701 2588 2760 judicatarum.
2609 2721 2630 2740 ³»
2654 2699 2908 2764 [Equidem
2967 2706 2978 2751 Ῐ

1606 2791 1697 2835 pro
1720 2774 1952 2832 διαιτητεῖς
1983 2772 2087 2820 δέκα
2111 2771 2188 2831 ἔτη
2209 2773 2250 2821 λ.
2280 2775 2647 2835 proposuerim:
2683 2770 2914 2830 διαιτητὰς

1609 2848 1667 2900 εἷς
1687 2845 1809 2903 δίκην
1828 2846 2017 2903 ἑκάστην
2028 2844 2288 2908 λαμὸάνειν,
2300 2846 2376 2892 vel
2389 2843 2608 2903 διαιτητὰς
2620 2846 2679 2898 ὣς
2697 2842 2904 2898 δικαστὰς
2972 2855 2979 2906 {

1607 2916 1870 2980 λαμὸἄνειν,
1909 2919 2042 2979 quod
2074 2935 2173 2963 non
2205 2920 2270 2964 ita
2306 2920 2448 2981 longe
2490 2918 2622 2964 abest
2665 2917 2724 2965 ab
2760 2917 2904 2964 literis
2972 2911 2977 2961 ’ξ

1609 3008 1723 3055 quas
1750 2992 1940 3041 traditas
1968 2993 2250 3053 accepimus.
2281 2989 2372 3054 —]
2399 3012 2419 3033 «
2446 2993 2620 3040 Verum
2652 2988 2771 3035 illud
2798 2997 2907 3037 utut

1609 3077 1700 3124 est,
1726 3068 1763 3111 si
1785 3066 1932 3111 modo
1962 3067 2124 3125 priora
2148 3066 2292 3111 verba
2316 3075 2443 3111 lecte
2476 3064 2745 3121 emendavi,
2774 3063 2934 3127 limast-

1610 3154 1712 3198 quae
1733 3146 1879 3183 essent
1902 3137 2023 3182 infra
2042 3137 2207 3182 decem
2230 3137 2498 3195 drachmas,
2519 3134 2751 3183 debebant
2770 3135 2913 3187 antei}

1609 3211 1737 3271 apud
1760 3210 1963 3255 arbitros
1982 3209 2254 3269 disceptari,
2277 3224 2420 3268 quam
2438 3209 2489 3253 in
2502 3207 2735 3268 judicium
2749 3199 2912 3252 defer-

1608 3293 1772 3336 rentur
1795 3283 2111 3339 heliasticum3
2147 3295 2253 3341 quae
2288 3282 2433 3343 igitur
2471 3281 2635 3326 decem
2669 3271 2909 3326 draclffl

1609 3353 1810 3412 majores
1869 3363 2020 3401 essent
2052 3354 2247 3414 privatae
2287 3354 2646 3409 controversiae,
2685 3336 2869 3419 po‘ij‘n
2828 3401 2841 3419 ι

1608 3429 1700 3473 illae
1722 3427 1943 3488 quidem,
1972 3428 2055 3473 sed
2072 3443 2173 3472 non
2201 3427 2439 3472 debebant
2465 3426 2653 3471 arbitris
2682 3433 2834 3471 antea
2834 3415 2905 3474 d

1609 3501 1962 3562 disceptandum
1995 3501 2119 3553 dari,
2151 3500 2210 3546 Id
2241 3515 2357 3546 vero
2393 3509 2494 3544 tum
2522 3507 2707 3544 naturae
2743 3497 2904 3559 ren*

1609 3574 1962 3620 convenientius
1978 3583 2045 3618 est
2058 3607 2070 3630 ‚
2092 3588 2234 3633 quam
2257 3588 2360 3632 quae
2377 3581 2444 3617 est
2456 3571 2653 3652 vulgatae
2668 3560 2914 3651 script-Q

1610 3647 1862 3703 sententia,
1892 3655 1946 3690 ut
1966 3645 2129 3690 decem
2157 3644 2390 3689 drachmis
2405 3642 2608 3702 majores
2625 3636 2915 3706 debuerunt·

1606 3793 1738 3823 causae
1761 3793 1843 3822 suae
1871 3792 2013 3833 parum
2042 3780 2208 3821 fiderent
2219 3810 2231 3830 ,
2256 3780 2572 3830 vererenturque
2586 3788 2640 3819 ne
2668 3754 2720 3817 51)
2758 3792 2761 3809 =
2805 3793 2811 3810 e
2843 3820 2846 3822 ,
2846 3778 2889 3809 ’Τ

1606 3846 1983 3894 condemnarentur,
1997 3855 2129 3884 moras
2143 3845 2301 3884 nectere
2311 3854 2359 3884 ac
2374 3843 2594 3895 praetextus
2604 3842 2645 3882 et
2656 3838 2827 3891 excepti
2848 3863 2867 3899 L-
2874 3854 2887 3870 >

1607 3910 1804 3961 speciosas
1820 3909 1964 3949 afferre
1981 3907 2218 3957 studebant;
2239 3917 2288 3948 ac
2306 3907 2482 3958 primum
2496 3904 2657 3957 quidem
2671 3900 2880 3953 exception

1607 3974 1775 4014 actionis
1789 3984 1870 4013 non
1890 3973 1996 4013 recte
2015 3971 2210 4012 institutae
2235 3972 2318 4022 uti,
2338 3970 2482 4012 deinde
2505 3980 2602 4010 vero
2627 3967 2816 4008 morbum
2834 3975 2858 4006 5

1609 4037 1963 4089 peregrinationem
1972 4035 2046 4076 sub
2055 4034 2312 4086 jurisjurandi
2321 4034 2400 4075 fide
2407 4034 2669 4086 praetexentes
2677 4030 2840 4072 dilafiou
2850 4046 2855 4051 ·

1608 4105 1742 4154 petere
1751 4133 1762 4152 ,
1776 4101 1948 4152 denique
1958 4100 2065 4141 dicta
2080 4099 2144 4140 die
2159 4102 2230 4140 aut
2241 4099 2404 4141 omnino
2418 4110 2514 4148 non,
2525 4099 2596 4139 aut
2605 4093 2810 4143 occidente
2826 4095 2834 4103 '
2846 4123 2851 4128 -

1608 4167 1691 4206 sole
1703 4177 1745 4207 se
1755 4165 1937 4206 sistentes
1950 4164 2239 4204 restitutionem
2254 4163 2336 4204 litis
2352 4164 2486 4214 petere
2496 4192 2507 4213 ,
2521 4161 2620 4203 adeo
2636 4161 2682 4202 ut
2693 4158 2743 4202 de
2755 4158 2827 4200 int
2842 4173 2854 4203 »·.-

1611 4242 1771 4281 prorsus
1795 4241 1913 4272 causa
1934 4229 2065 4270 denuo
2084 4227 2327 4275 instituenda
2350 4228 2469 4271 esset.
2863 4223 2866 4230 '
