3016 4628
831 304 1206 416 DlNo.
1279 292 2189 409 HERACLIDES.

1004 484 2018 676 ARISTAGORAS.

766 1019 929 1069 DlNO.

269 1161 393 1204 Dino
445 1157 494 1218 ('')
513 1192 524 1212 ‚
591 1155 812 1202 Cliearchi
858 1153 1070 1197 celebrati
1121 1151 1315 1190 auctoris
1354 1154 1493 1205 pater

208 1232 409 1292 (Plinius
438 1233 498 1275 11.
526 1232 581 1276 N.
608 1231 685 1286 X,
716 1244 790 1285 70.
816 1225 920 1271 Vid.
960 1223 1016 1266 fr.
1046 1217 1118 1281 2),
1166 1234 1256 1277 qua
1293 1232 1398 1261 usus
1431 1217 1488 1260 sit

204 1306 352 1363 patria
368 1338 382 1363 ,
400 1318 538 1347 nemo
569 1301 709 1346 tradit
730 1297 1081 1360 (Conjecturam
1103 1292 1161 1336 de
1188 1292 1273 1334 hac
1294 1305 1346 1342 re
1370 1303 1486 1347 pro-

205 1376 339 1439 posui
360 1376 407 1418 in
427 1375 526 1420 Vita
546 1371 803 1431 Clitarchi).
822 1371 982 1427 Neque
1006 1364 1131 1410 aliud
1153 1361 1409 1423 quidquam
1431 1359 1490 1403 de

206 1449 298 1492 vita
318 1446 414 1504 ejus
437 1446 628 1503 fatisque
653 1445 701 1487 in
727 1442 938 1486 notitiam
962 1447 1165 1482 nostram
1192 1434 1420 1494 pervenit.

273 1518 412 1576 Quod
436 1516 648 1561 condidit
672 1530 788 1574 opus
822 1511 1050 1574 Περσικῶν
1077 1509 1179 1553 satis
1199 1506 1403 1565 amplum
1438 1503 1487 1546 in

209 1602 299 1635 tres
314 1624 325 1645 ,
348 1592 415 1634 uti
438 1589 637 1643 videtur,
662 1595 814 1646 partes
841 1586 932 1627 sive
957 1577 1171 1632 συντάξεις
1194 1577 1492 1622 distributum

207 1672 304 1707 erat
319 1659 410 1724 (⁸').
428 1661 670 1706 Rationem
688 1656 921 1702 divisionis
938 1654 1145 1698 divinare
1162 1651 1337 1695 facilius
1353 1663 1493 1707 quam

218 1735 550 1779 demonstrare.
589 1733 770 1776 Scilicet
806 1743 950 1787 quum
986 1732 1309 1785 argumentum
1341 1722 1491 1765 histo—

212 1810 384 1852 riarum
416 1816 578 1850 natura
612 1820 690 1849 sua
728 1803 1008 1864 tripartitum
1033 1800 1111 1854 sit,
1145 1798 1296 1857 prima
1332 1810 1492 1839 earum

209 1896 315 1938 pars
347 1881 659 1938 Assyriorum,
699 1876 946 1921 Medorum
982 1873 1148 1925 altera,
1177 1869 1312 1913 tertia
1332 1869 1494 1912 Persa-

209 1969 312 1996 rum
335 1968 406 1996 res
426 1952 701 1995 continuisse
724 1948 925 1992 videtur.
956 1970 1021 1980 -
1041 1946 1296 2002 Quousque
1319 1955 1493 1984 narra-

209 2027 381 2069 tionem
397 2034 558 2069 auctor
572 2023 793 2067 deduxit?
812 2023 1140 2080 Fragmentum
1157 2016 1374 2060 ultimum
1398 2012 1492 2075 (30)

210 2113 306 2141 rem
330 2097 528 2151 indicat,
554 2111 655 2154 quae
684 2095 887 2154 pertinet
910 2090 969 2135 ad
1007 2104 1181 2133 annum
1208 2085 1302 2131 350
1327 2101 1370 2130 a.
1408 2086 1489 2142 C.‚

210 2184 305 2227 quo
343 2170 595 2228 AEgyptum
634 2167 786 2211 Ochus
827 2163 1135 2222 recuperavit..
1176 2161 1300 2205 Num
1337 2159 1496 2203 ruinas

210 2242 390 2300 imperii
417 2242 652 2284 Persarum
677 2240 799 2283 Dino
825 2236 1020 2291 viderit,
1052 2249 1228 2293 quaero.

272 2314 558 2358 Auctoritate
579 2313 700 2356 Dino
725 2310 851 2354 haud
876 2310 1042 2369 exigua
1072 2307 1330 2351 fruebatur.
1361 2305 1496 2350 Certe

209 2386 459 2445 plurimum
480 2386 520 2428 ei
545 2385 593 2427 in
610 2384 748 2427 rebus
768 2384 1008 2426 Persarum
1030 2379 1233 2424 credidit
1253 2378 1498 2423 Cornelius

211 2461 361 2524 Nepos
380 2455 454 2517 (fr.
473 2473 530 2514 27
543 2453 573 2517 ).
594 2456 865 2500 Plutarchus
888 2468 1077 2513 quoque
1093 2453 1161 2496 uti
1175 2452 1333 2497 Ctesiae
1354 2450 1500 2494 infen-

209 2533 302 2576 sior
320 2540 400 2585 est,
419 2531 480 2574 sic
501 2530 658 2574 favisse
675 2528 849 2573 Dinoni
874 2526 1060 2570 videtur
1078 2525 1173 2586 (Cf.
1196 2527 1400 2569 Heeren.
1429 2525 1500 2568 De

213 2604 349 2650 l'ontt.
374 2604 493 2648 Plut.
515 2618 564 2661 p.
596 2599 701 2661 95).
735 2601 948 2645 Ceterum
973 2608 1079 2643 sunt
1107 2614 1208 2657 quae
1244 2597 1500 2641 admonere

213 2691 297 2719 nos
313 2676 508 2735 possint,
527 2690 586 2719 ne
605 2674 792 2717 nimiam
817 2673 875 2717 de
896 2673 1096 2717 auctoris
1121 2670 1370 2714 virtutibus
1395 2669 1502 2727 opi-

215 2749 404 2792 nionem
433 2747 587 2791 animo
616 2746 944 2805 concipiamus.
973 2746 1084 2802 Quae
1113 2743 1171 2788 de
1191 2740 1497 2787 Semiramide

216 2828 461 2864 narrantur
483 2818 558 2880 (fr.
590 2818 639 2876 1)
668 2833 813 2877 quum
835 2818 974 2877 longe
995 2817 1144 2860 absint
1178 2830 1203 2859 a
1227 2814 1388 2859 Ctesiae
1412 2813 1504 2856 mi-

217 2892 405 2947 raculis,
434 2891 752 2951 probabiliora
782 2890 1017 2932 nonnullis
1042 2889 1137 2932 visa
1157 2895 1287 2942 sunt;
1311 2901 1399 2930 nos
1425 2886 1500 2944 Je-

216 2963 573 3021 juniusjunioris
591 2963 730 3005 aetatis
754 2970 1069 3005 commentum
1099 2976 1206 3004 cum
1230 2960 1500 3018 antiquiore

220 3044 530 3095 permutatum
554 3049 645 3078 esse
666 3033 796 3077 facile
818 3033 1119 3093 agnoscimus.
1153 3032 1333 3091 Ephori
1353 3045 1506 3090 aequa-

223 3110 310 3153 lem
344 3107 519 3158 fabulas
557 3107 605 3150 in
634 3105 847 3149 historias
880 3105 1123 3149 traducere
1155 3104 1379 3148 studuisse
1409 3119 1509 3148 non

276 3225 325 3273 (⁴⁵)
354 3223 625 3263 memorantur
648 3237 657 3260 z
680 3221 802 3270 Dino,
821 3220 1142 3260 Lacedaemonius
1165 3220 1442 3270 polemarchus
1468 3219 1509 3258 in

225 3282 430 3322 Leuctriffl
449 3280 586 3331 prirlio
599 3279 765 3327 occisus,
788 3279 1018 3328 Xenophon.
1038 3279 1136 3318 Hell.
1159 3282 1211 3328 V,
1231 3282 1270 3328 4,
1286 3283 1358 3327 333
1379 3280 1447 3327 Vl,
1466 3279 1509 3327 li,

231 3343 288 3380 14.
302 3342 348 3379 D.
362 3337 568 3379 Nicostrati
581 3339 621 3376 et
635 3337 827 3377 Arethusii
838 3338 971 3386 frater,
986 3348 1049 3387 ap.
1066 3337 1318 3376 Demosthen.
1333 3348 1372 3389 p.
1396 3338 1510 3385 1248,

226 3401 265 3437 9.
285 3417 335 3425 —
356 3395 456 3435 Dino
472 3394 632 3444 quidam
657 3394 833 3432 Eucratis
849 3396 957 3444 pater
977 3405 1039 3444 ap.
1071 3395 1233 3433 Lucian.
1256 3393 1508 3445 Philopseud.

226 3468 264 3493 c.
290 3458 348 3494 17.
378 3475 426 3486 --
458 3453 581 3501 Dino,
603 3452 764 3491 Dinonis
785 3453 834 3500 ss,
866 3453 916 3491 ah
937 3453 1149 3502 Agathocle
1180 3451 1388 3492 Ptolemaei
1416 3452 1512 3502 Epi-

228 3513 367 3562 phanis
384 3513 515 3550 tutore
533 3510 784 3558 interfectus,
806 3510 942 3560 Polyb.
966 3514 1059 3559 XV,
1079 3517 1126 3550 25
1144 3522 1185 3550 a.
1204 3533 1257 3539 —
1278 3510 1382 3549 Dino
1405 3510 1513 3548 Rho-

227 3571 337 3620 dius,
360 3569 486 3610 Persei
507 3569 605 3618 regis
624 3568 801 3619 partibus
820 3571 957 3608 contra
977 3572 1177 3610 Romanos
1194 3570 1354 3615 favens,
1376 3567 1513 3618 Polyb.

231 3630 403 3676 xan,
424 3634 463 3676 63
485 3628 649 3667 xxviii
667 3656 678 3675 ,
700 3633 738 3676 2,
760 3632 804 3675 33
827 3632 894 3674 ¹5,
913 3630 960 3675 43
983 3630 1134 3676 xxix,
1158 3632 1201 3675 5,
1235 3632 1281 3674 23
1314 3629 1446 3674 XXX,
1468 3630 1512 3676 7,

235 3693 301 3735 to,
319 3688 423 3726 ΧΧΧ
438 3714 449 3733 ,
467 3689 504 3724 8.
526 3706 578 3713 -
601 3686 706 3724 Dino
725 3685 938 3724 statuarius
953 3696 1015 3734 ap.
1039 3685 1139 3724 Plin.
1163 3687 1211 3724 H.
1234 3686 1281 3723 N.
1307 3687 1353 3722 34
1370 3714 1380 3732 ‚
1406 3687 1462 3724 19.

279 3744 351 3793 (⁸)
382 3742 584 3783 Laudatur
606 3742 704 3781 nino
724 3742 761 3781 ἐν
779 3744 937 3793 δευτέρῳ
954 3748 1017 3788 τῆς
1034 3744 1208 3793 δευτέρας
1231 3742 1443 3787 συντάξεως
1467 3742 1518 3781 de

233 3802 404 3842 nercule
434 3800 566 3849 idaeo,
601 3801 649 3838 l'r.
675 3803 720 3848 43
755 3801 793 3839 ἐν
813 3801 955 3851 πρώτῳ
984 3805 1049 3846 τῆς
1072 3801 1195 3850 τρίτης
1227 3800 1439 3845 συντάξεως
1468 3799 1518 3839 de

234 3860 376 3908 magis,
399 3860 446 3897 tr.
471 3865 508 3897 8.
532 3857 681 3898 Deinde
704 3870 712 3895 ε
740 3859 778 3896 ἐν
795 3859 958 3907 πέμπτῳ
973 3862 1050 3896 τῶν
1070 3861 1266 3908 Περσικῶν
1286 3863 1351 3904 τῆς
1368 3858 1519 3908 πρώτης

234 3918 446 3962 συντάξεως
465 3916 514 3955 de
532 3915 662 3966 Amyti
685 3916 827 3955 Xerxis
847 3916 949 3964 lilia,
971 3917 1019 3955 ir.
1043 3921 1084 3954 21
1107 3946 1117 3965 ‚
1136 3916 1203 3954 ubi
1232 3927 1282 3955 ex
1305 3917 1438 3954 nostra
1455 3915 1518 3954 di-

236 3975 384 4014 visione
413 3973 664 4014 scriiwndnm
696 3975 754 4013 est
779 3979 844 4020 τῆς
876 3974 1000 4022 τρίτης
1028 3973 1252 4019 συντάξεως.
1275 3974 1314 4013 Si
1349 3975 1454 4012 recte
1478 3983 1519 4011 se

237 4034 353 4071 habet
372 4031 472 4071 istud
494 4037 558 4079 τῆς
575 4031 728 4080 πρώτης
743 4062 752 4078 ,
770 4031 1023 4069 stanwndum
1046 4032 1171 4080 soret,
1192 4032 1229 4070 in
1253 4032 1383 4082 prima
1402 4034 1519 4080 parte

239 4090 438 4129 historiam
462 4092 690 4135 Persarum,
717 4088 755 4126 in
775 4089 900 4126 altera
919 4090 958 4126 et
988 4089 1131 4136 tertia,
1164 4091 1256 4138 qnae
1286 4088 1334 4127 ad
1358 4088 1514 4138 religio-

240 4158 353 4196 nem,
389 4158 540 4196 mores,
574 4147 754 4185 instituta
785 4156 924 4185 eorum
960 4147 1181 4195 pertinent,
1208 4157 1290 4184 esse
1319 4147 1520 4195 exposita.

242 4208 491 4255 Quamquam
530 4206 615 4252 ojus
651 4204 803 4253 generis
837 4203 1106 4245 distinctiones
1146 4204 1195 4244 ah
1235 4202 1525 4255 antiquioribus

243 4263 498 4312 “ripensibus
514 4264 651 4301 alio-nm
673 4273 755 4302 esse
783 4262 922 4300 solent.

1565 1010 1736 1052 mirum
1761 1015 1842 1051 est.
1869 1003 2116 1050 Interdum
2139 1018 2254 1047 vero
2293 1003 2613 1060 Dinolvetera
2643 1000 2864 1063 figmenta

1566 1082 1685 1124 tueri
1706 1088 1898 1123 conatus
1920 1087 1986 1121 est
2006 1093 2062 1123 eo
2075 1111 2088 1132 ,
2117 1075 2250 1135 quod
2269 1090 2327 1120 ex
2346 1075 2470 1119 notis
2483 1076 2685 1134 Europae
2703 1089 2864 1135 regio-

1565 1154 1701 1197 nibus
1728 1153 1778 1194 in
1809 1149 1992 1194 Indiam
2023 1148 2407 1207 transplantaret,
2436 1145 2865 1191 commodissimum

1565 1225 1902 1268 miraculorum
1915 1221 2279 1280 receptaculum.
2305 1221 2408 1264 Huc
2423 1220 2628 1279 pertinet
2650 1218 2818 1279 fragm.
2837 1218 2865 1262 3
2924 1270 2927 1272 v
2982 1239 2986 1246 =>

1567 1297 1626 1341 de
1653 1295 1906 1340 Sirenihus.
1937 1293 2082 1339 Aliud
2107 1293 2376 1352 exemplum
2410 1291 2674 1336 fabularum
2697 1292 2748 1335 in
2773 1304 2868 1335 no-

1565 1384 1670 1413 vam
1694 1367 1894 1412 formam
1916 1366 2208 1411 detortarum
2226 1366 2405 1425 praebet
2424 1364 2589 1425 fragm.
2617 1368 2644 1417 4
2670 1363 2731 1408 de
2749 1364 2867 1408 Her·

1567 1442 1670 1486 cule
1706 1439 1851 1484 Idaeo.
1902 1442 1974 1484 De
2015 1454 2265 1500 magorum
2301 1438 2528 1482 doctrinis
2565 1445 2613 1482 et
2642 1437 2871 1481 vaticiniis

1567 1512 1825 1556 admodum
1845 1512 2019 1555 multus
2041 1510 2178 1555 fuisse
2196 1510 2338 1555 debet
2357 1509 2433 1571 (v.
2453 1509 2512 1554 fr.
2538 1508 2583 1554 5.
2613 1508 2661 1554 8.
2689 1525 2739 1570 9.
2767 1507 2869 1569 ιο).

1566 1585 1874 1630 Memorabile
1899 1584 2019 1628 illud
2046 1583 2178 1643 quod
2201 1583 2259 1631 fr.
2293 1599 2318 1640 7
2341 1583 2513 1643 legitur
2542 1581 2603 1627 de
2625 1581 2872 1642 rhapsodis

1566 1658 1843 1714 Medorum3
1881 1662 2151 1717 quanquam
2179 1658 2277 1716 ipsa
2298 1656 2638 1700 historiuncula
2669 1670 2870 1716 graecum

1565 1733 1808 1776 hominem
1827 1730 2014 1775 redolet
2033 1731 2321 1789 longissime3-
2347 1744 2458 1773 nam
2473 1729 2600 1773 lusus
2615 1728 2872 1772 verborum

1570 1802 1797 1869 Κυριεύειν
1826 1813 1873 1849 et
1894 1804 2037 1867 Κῦρος
2053 1804 2290 1848 neminem
2318 1802 2453 1863 fugit.
2482 1802 2701 1847 Ceterum
2722 1801 2874 1845 Dino·
2946 1799 2950 1804 “
2983 1786 2987 1787 ⁷

1567 1879 1639 1923 nis
1657 1878 1866 1922 narratio
1888 1876 1948 1922 de
1971 1878 2215 1921 Persarum
2246 1875 2435 1935 imperii
2459 1875 2643 1935 origine
2671 1889 2781 1918 cum
2821 1873 2876 1916 iis

1569 1967 1672 2011 quae
1695 1967 1753 1996 ex
1773 1950 1924 1996 Ctesia
1946 1949 2117 1994 tradita
2135 1957 2266 2005 sunt,
2285 1949 2336 1992 in
2355 1962 2537 1993 summa
2557 1962 2610 1992 re
2631 1946 2875 1991 conciliari

1569 2022 1704 2068 facile
1737 2031 1910 2082 potest.
1949 2025 2125 2069 Verum
2171 2020 2502 2082 anteponenda
2540 2020 2751 2066 Ctesiana
2796 2019 2875 2074 iis,

1571 2110 1677 2155 quae
1710 2095 1877 2156 fragm.
1911 2112 1962 2140 11
2002 2111 2028 2140 a
2058 2097 2247 2141 Dinone
2273 2095 2349 2139 vel
2373 2093 2472 2153 ejus
2495 2102 2688 2138 auctore
2713 2099 2877 2137 contra

1571 2183 1761 2213 omnem
1798 2170 1900 2214 veri
1929 2168 2246 2214 similitudinis
2289 2168 2495 2227 speciem
2541 2167 2594 2210 in
2642 2165 2876 2210 honorem

1571 2242 1904 2302 AEgyptiorum
1942 2243 2206 2302 excogitata
2251 2250 2299 2286 et
2346 2255 2374 2285 a
2405 2242 2560 2300 Lycea
2609 2239 2878 2283 Naucratita

1572 2316 1907 2374 AEgyptiorum
1935 2316 2167 2374 scriptore
2190 2313 2327 2359 avide
2348 2321 2536 2372 arrepta
2564 2318 2688 2356 sunt.
2722 2311 2880 2355 Pravae

1573 2388 1893 2449 chronologiae
1912 2388 2155 2433 addictum
2173 2403 2221 2432 se
2245 2386 2451 2432 ostendit
2475 2385 2534 2430 fr.
2561 2399 2653 2442 203
2675 2382 2881 2428 incredi-

1573 2462 1668 2505 bile
1683 2475 1879 2521 prorsus
1895 2469 1961 2506 est
1977 2461 2110 2520 quod
2122 2461 2181 2505 fr.
2203 2476 2266 2520 29
2281 2459 2483 2504 traditur
2499 2458 2560 2503 de
2581 2472 2731 2518 regno
2743 2458 2881 2502 Arta—

1574 2535 1729 2579 xerxis
1747 2535 2010 2579 Memnonis
2043 2550 2054 2581 z
2078 2534 2229 2579 sedin
2245 2534 2338 2577 hoc
2358 2531 2551 2576 fortasse
2577 2529 2880 2574 librariorum

1575 2607 1881 2668 negligentia,
1909 2607 1991 2666 qui
2015 2622 2250 2652 annorum
2282 2619 2533 2649 numerum
2556 2602 2882 2662 corruperint,

1577 2678 1836 2724 accusanda
1860 2686 1942 2724 est.
1967 2681 2024 2723 In
2055 2676 2236 2738 reliqua
2257 2679 2528 2723 Artaxerxis
2557 2677 2754 2721 historia
2774 2676 2882 2721 Cte—

1576 2752 1653 2796 siae
1679 2752 1956 2807 auctoritas,
1982 2752 2066 2796 etsi
2093 2752 2132 2796 is
2164 2751 2376 2796 oculatus
2402 2750 2529 2794 testis
2561 2749 2705 2793 rebus
2737 2749 2883 2792 inter-

1579 2824 1753 2879 fuerat,
1779 2825 2059 2883 plerumque
2083 2833 2240 2868 tamen
2270 2821 2520 2882 repudiata
2543 2830 2634 2880 est,
2663 2821 2811 2880 idque
2837 2821 2884 2865 i'n
2950 2865 2953 2868 .

1579 2896 1720 2941 rebus
1741 2896 1982 2940 levissimis
2002 2894 2082 2955 (fr.
2108 2910 2187 2939 22.
2218 2894 2298 2939 23.
2324 2893 2410 2954 26)
2429 2927 2442 2950 ,
2474 2908 2589 2953 quas
2612 2908 2698 2938 cur
2720 2901 2886 2937 contra

1580 2983 1745 3013 verum
1756 2968 1924 3013 Ctesias
1937 2967 2184 3012 tradiderit
2207 2981 2343 3012 causa
2353 2981 2413 3010 ne
2428 2963 2543 3026 fingi
2561 2964 2755 3024 quidem
2772 2979 2886 3024 pro·

1580 3042 1801 3086 habiliter
1817 3049 1988 3100 potest.
2013 3041 2205 3086 Novisse
2224 3041 2462 3084 Dinonem
2485 3047 2532 3082 et
2553 3037 2768 3082 manibus
2790 3037 2886 3081 tri-

1582 3115 1698 3158 visse
1707 3129 1825 3173 opus
1833 3114 1991 3159 Ctesiae
2004 3128 2104 3156 non
2115 3112 2281 3156 dubito
2297 3127 2308 3156 :
2324 3112 2469 3155 immo
2478 3111 2682 3170 plurima
2691 3124 2857 3154 eorum
2872 3144 2886 3164 ‚

1585 3201 1687 3245 quae
1696 3186 1746 3229 in
1761 3186 1867 3230 Vita
1884 3185 2146 3230 Artaxerxis
2158 3184 2436 3229 Plutarchus
2452 3191 2615 3227 contra
2627 3181 2771 3226 fidem
2780 3182 2886 3227 Cni-

1587 3257 1653 3302 dii
1670 3273 1952 3317 morumque
1966 3257 2251 3317 probitatem
2266 3255 2403 3301 affert
2414 3290 2426 3312 ,
2447 3270 2507 3300 ex
2523 3255 2713 3300 Dinone
2728 3260 2891 3298 nostro

1587 3329 1773 3376 fluxisse
1797 3331 2019 3376 arbitror.
2045 3332 2318 3389 Vereorque
2337 3345 2397 3374 ne
2414 3328 2507 3373 hoc
2531 3326 2824 3387 obloquendi
2845 3335 2891 3371 et

1587 3404 1881 3451 detrectandi
1897 3403 2054 3448 studio
2072 3403 2398 3447 auctoritatem
2419 3402 2546 3447 Dino
2567 3399 2698 3460 apud
2720 3399 2894 3444 multos

1587 3476 1675 3520 sibi
1693 3476 1950 3536 pepererit.
1970 3475 2063 3520 Sed
2084 3476 2182 3519 haec
2195 3484 2437 3534 utcunque
2459 3487 2554 3517 sese
2572 3470 2792 3526 habeant,
2817 3469 2890 3514 xel

1590 3549 1771 3608 reliqua
1799 3550 1863 3594 ita
1887 3557 2157 3608 comparata
2179 3557 2310 3604 sunt,
2335 3555 2390 3591 ut
2419 3546 2654 3591 Dinonem
2675 3557 2776 3587 non
2798 3550 2893 3586 tam

1589 3630 1789 3681 propter
1805 3636 2002 3665 acumen
2014 3619 2179 3678 judicii
2191 3653 2204 3674 ,
2229 3633 2370 3678 quam
2392 3625 2590 3677 propter
2608 3628 2766 3659 rerum
2784 3628 2894 3658 nar—-

1590 3703 1796 3738 ratarum
1820 3689 2226 3738 abundantiam'et
2252 3690 2479 3735 orationis
2499 3688 2689 3732 fortasse
2712 3686 2894 3746 elegan-

1592 3769 1701 3812 tiam
1737 3767 1962 3827 placuisse
2005 3779 2241 3819 censeam,
2284 3777 2440 3821 neque
2474 3776 2500 3806 a
2527 3768 2663 3820 patre
2704 3773 2896 3818 prorsus

1593 3839 1790 3883 abfuisse
1806 3875 1818 3895 ,
1846 3853 1951 3897 quae
1976 3839 2026 3882 in
2054 3836 2171 3891 filio,
2195 3835 2556 3880 celebratissima
2575 3839 2793 3888 auctore,
2835 3829 2895 3876 ab
2972 3826 3002 3867 ἶ

1596 3912 1814 3960 omnibus
1836 3909 2265 3972 reprehenduntur.

2097 4052 2406 4073 *-
