3008 4542
187 226 203 264 ⁸
246 237 350 279 510

249 339 420 384 Euseb.
450 337 503 385 P.
543 341 597 383 E.
635 341 736 398 XV,
773 339 830 386 51
852 375 863 397 ‚
900 358 949 403 p.
988 339 1082 396 848
1115 343 1182 397 Ι);
1217 347 1426 391 Stobaeus
1451 349 1548 394 Ecl.

245 411 383 470 phys.
410 425 459 470 p.
491 409 600 457 558.

864 494 938 524 20.

314 575 551 620 Vitruvius
589 577 688 638 lx,
718 577 747 621 6
781 576 842 638 (9)
876 593 888 626 :
920 582 1246 639 Hemicyclium
1276 594 1546 628 excavatum

240 662 309 691 ex
324 649 550 706 quadrato
566 650 633 692 ad
644 651 933 711 enclimaque
951 658 1170 698 succisum
1191 656 1385 699 Berosus
1407 655 1543 700 Chal·

240 721 378 763 -doeus
400 719 568 764 dicitur
587 726 820 776 invenisse,
846 725 1050 784 scaphen
1065 730 1155 769 sive
1170 726 1548 786 hemisphaerium

248 793 543 837 Aristarchus
563 794 766 842 Samius.
1467 793 1473 797 ⁸

860 883 938 912 21.

312 967 484 1012 Seneca
511 967 617 1014 Nat.
645 967 735 1026 Qu,
762 970 855 1024 III,
890 983 949 1028 29
991 984 1003 1011 z
1047 969 1245 1025 Quidam
1285 974 1552 1016 existimant

240 1049 416 1084 ¹terram
440 1055 615 1099 quoque
635 1044 831 1095 concuti,
865 1050 911 1084 et
933 1041 1114 1100 dirupto
1132 1043 1229 1085 solo
1248 1057 1365 1085 nova
1373 1043 1547 1100 flumi-

245 1128 353 1156 num
372 1118 527 1172 capita
549 1114 779 1171 detegere,
813 1129 918 1172 quoe
939 1114 1143 1173 amplius
1162 1123 1213 1157 ut
1226 1120 1267 1157 e'
1271 1116 1414 1173 pleno
1433 1132 1547 1175 pro-

242 1181 459 1236 fundant.
481 1187 699 1239 Berosus,
730 1189 810 1244 qui
827 1186 991 1229 Belum
1018 1189 1341 1245 interpretatus
1363 1198 1449 1242 est,
1478 1192 1550 1232 ait

238 1272 376 1300 -cursu
405 1261 491 1300 ista
525 1258 721 1301 siderum
747 1258 866 1316 fieri
877 1292 889 1313 ,
915 1267 964 1301 et
986 1258 1104 1301 adeo
1127 1259 1306 1317 quidem
1332 1261 1386 1302 id
1411 1258 1546 1319 affir-

239 1339 366 1383 -mat,
395 1340 445 1373 ut
466 1330 828 1389 conflagrationi
854 1341 996 1390 atque
1026 1331 1206 1375 diluvio.
1230 1341 1434 1392 tempora
1468 1350 1550 1377 as-

243 1406 407 1463 signet.
444 1404 622 1446 Arsura
665 1407 789 1447 enim
823 1413 1013 1447 ,terrena
1053 1405 1313 1462 contendit,
1359 1408 1547 1464 quando

235 1479 398 1518 omnia
418 1476 588 1529 sidera,
625 1491 733 1535 quce
757 1491 877 1518 nunc
905 1476 1100 1520 diversos
1125 1487 1271 1537 agunt
1295 1493 1467 1533 cursus,
1500 1483 1547 1522 in

243 1563 459 1591 cancrum
478 1552 789 1604 convenerint,
807 1552 872 1591 sic
889 1549 972 1592 sub
988 1549 1144 1593 eodem
1161 1554 1317 1609 posi-ta
1332 1555 1541 1610 vestigio,

243 1629 294 1663 ut
313 1629 440 1663 recta
461 1621 583 1663 linea
599 1625 729 1665 exire
746 1636 837 1680 per
856 1619 986 1665 orbes
1004 1626 1204 1666 omnium
1218 1628 1390 1682 possit,·
1415 1628 1545 1668 inun-

236 1694 475 1737 dationem
487 1691 704 1751 futuram
718 1727 733 1749 ,
765 1710 899 1753 quum
924 1695 1087 1739 eadem
1112 1696 1313 1740 siderum
1340 1698 1473 1741 turba
1499 1701 1546 1741 in

238 1770 559 1826 *capricornum
579 1771 853 1813 convenerit.
879 1768 988 1810 Illic
1005 1770 1260 1823 solstitium,
1286 1769 1362 1813 htc
1386 1771 1546 1815 bruma

235 1839 510 1898 ‹conficitur3
530 1854 719 1897 magna⁹
731 1844 959 1898 potentiae
975 1844 1131 1899 signa,
1170 1844 1354 1901 quando
1378 1846 1424 1886 in
1444 1848 1547 1903 ipsa

237 1916 493 1956 mutatione
513 1917 624 1956 anni
647 1922 876 1957 momenta
890 1924 1010 1960 sunt.

852 2030 932 2061 22.

310 2116 485 2160 Plinius
520 2118 581 2162 H.
610 2118 668 2160 N.
695 2118 807 2172 VII,
831 2132 867 2161 s.
898 2115 955 2173 57
994 2133 1005 2160 :
1042 2118 1273 2178 Epigenes
1293 2121 1425 2179 apud
1451 2121 1546 2165 Ba·

235 2189 447 2245 ·bylonios
477 2188 714 2232 DCCXX
735 2205 958 2234 annorum
991 2190 1325 2236 observationes
1344 2193 1544 2237 siderum

234 2262 480 2305 «coctilibus
507 2263 741 2305 laterculis
763 2266 1005 2323 inscriptas
1023 2264 1172 2319 docet,
1207 2269 1360 2325 gravis
1387 2277 1549 2311 auctor

243 2338 456 2394 inprimis
464 2351 482 2388 ;
527 2338 605 2393 qui
645 2339 879 2379 minimum
925 2338 1122 2385 Berosus
1164 2348 1214 2382 et
1257 2338 1546 2383 Critodemus

239 2406 601 2452 -CCCCLXXX
626 2407 729 2467 (alii
767 2408 1010 2471 CCCXC)
1043 2427 1281 2458 annorum.
1351 2414 1429 2456 Ex
1458 2430 1546 2473 quo

238 2491 447 2540 apparet
478 2492 699 2525 aeternum
735 2483 967 2527 literarum
1001 2500 1144 2531 usum.
1186 2510 1253 2520 —
1282 2486 1339 2531 V.
1375 2486 1545 2547 Ideler.

244 2553 462 2599 Chronol.
488 2556 534 2611 I,
557 2570 604 2614 p.
628 2553 719 2599 215
745 2571 814 2614 sq.
839 2558 1001 2602 Annos
1022 2558 1128 2602 illos
1155 2559 1316 2603 Berosi
1338 2559 1546 2620 intellige

242 2643 387 2671 annos
405 2642 597 2687 magnos
619 2643 655 2671 s.
679 2628 923 2687 periodos,
949 2639 1028 2674 aut
1062 2646 1169 2674 cum
1191 2632 1436 2676 Perizonio
1455 2642 1547 2677 sta-

242 2699 472 2743 tuendum
499 2707 566 2743 est
591 2699 812 2744 excidisse
847 2702 1029 2761 signum
1049 2703 1123 2746 M.
1168 2703 1236 2749 Cf.
1274 2703 1436 2748 Cicero
1474 2707 1546 2750 De

243 2771 389 2817 divin.
423 2773 467 2827 I,
502 2787 559 2831 19
583 2787 594 2813 ε
641 2772 998 2818 Contemnamus
1033 2779 1175 2818 etiam
1206 2776 1541 2834 Babylonios...

240 2854 323 2887 aut
352 2846 561 2888 stultitiae
584 2855 668 2888 aut
693 2850 921 2890 vanitatis
955 2857 1038 2891 aut
1072 2849 1425 2907 imprudentioe,
1467 2855 1547 2910 qui

243 2916 367 2962 CCC
372 2917 550 2962 CLXX
562 2919 712 2960 millia
735 2934 981 2974 annorum,
1008 2930 1058 2964 ut
1078 2924 1165 2980 ipsi
1179 2922 1354 2974 dicunt,
1385 2937 1546 2966 monu-

243 2994 407 3033 mentis
433 2989 762 3048 comprehensa
788 2996 1032 3036 continent.
1061 2992 1299 3036 Diodorus
1326 2995 1373 3037 II
1389 3028 1402 3052 ‚
1435 2994 1489 3037 31
1531 3011 1542 3039 :

243 3059 381 3109 Ἐτῶν
395 3059 476 3125 γὰρ
498 3059 607 3106 ἑπτά
624 3079 669 3106 τε
683 3060 756 3106 καὶ
772 3061 1094 3127 τεσσάρακοντα
1119 3062 1328 3128 μυριάδας
1347 3063 1422 3110 καὶ
1437 3066 1547 3129 τρεῖς

244 3132 315 3181 ἐπὶ
335 3133 511 3187 ταύταις
530 3131 728 3196 χιλιάδας
745 3133 971 3198 (473000)
988 3135 1045 3187 εἷς
1066 3133 1144 3192 τὴν
1162 3133 1435 3199 Ἀλεξάνδρου
1455 3136 1545 3183 διοί-

243 3205 370 3253 ὅασιν
388 3204 606 3268 γεγονέναι
626 3210 961 3269 καταριθμοῦσιν
984 3206 1000 3268 (
1018 3208 1268 3268 Chaldaei),
1291 3209 1362 3273 ἀφ’.
1380 3207 1477 3256 ὅτου
1498 3208 1545 3257 τὸ

243 3277 428 3324 παλαιὸν
448 3276 632 3342 ἤρξαντο
655 3280 740 3324 τῶν
770 3276 937 3343 ἄστρων
962 3277 1036 3332 τὰς
1059 3279 1380 3344 παρατηρήσεις
1403 3288 1544 3328 ποιεῖ-

245 3355 358 3400 σθαι.
398 3352 603 3399 African.
635 3368 710 3412 ap.
729 3354 927 3412 Syncell.
948 3370 996 3413 p.
1015 3371 1067 3411 17
1086 3370 1096 3397 :
1119 3352 1206 3400 Τὸν
1217 3356 1299 3399 τῶν
1312 3354 1542 3402 Χαλδαίων

244 3427 394 3488 λ’ἧρον,
413 3423 484 3471 τὸν
508 3427 591 3470 τῶν
610 3424 1203 3490 τεσσαράκονταόκτὼ
1238 3427 1540 3492 μυριάδων,

244 3496 285 3543 τί
304 3498 365 3544 δεῖ
388 3495 525 3560 λέγειν
543 3514 556 3558 3
579 3499 815 3557 Quatenus
832 3516 917 3544 nos
933 3502 1091 3545 Berosi
1111 3517 1330 3546 numeros
1350 3503 1544 3548 traditos

245 3572 506 3631 accepimus
521 3605 532 3627 ,
583 3587 759 3616 summa
807 3571 1037 3617 conflatur
1085 3590 1318 3619 annorum
1360 3577 1543 3621 circiter

249 3645 458 3697 468000.
481 3646 672 3690 Diversa
703 3647 839 3705 plane
863 3647 1080 3706 leguntur
1103 3662 1177 3706 ap.
1203 3649 1467 3707 Syncellum
1495 3658 1541 3694 et

245 3718 412 3764 Euseb.
438 3719 486 3761 in
506 3717 670 3778 fragm.
701 3733 719 3761 1
741 3718 842 3763 init.
860 3744 925 3753 —
942 3719 1190 3763 Critodemi
1208 3718 1540 3781 ἀποτελέσματα

246 3790 447 3833 citantur
491 3790 539 3832 in
574 3789 682 3833 cod.
722 3789 928 3834 colbert.
973 3791 1114 3850 2069.
1161 3793 1380 3839 Lainbec.
1424 3796 1510 3839 VII
1525 3828 1538 3850 ‚

246 3877 295 3920 p.
318 3861 405 3906 261
425 3897 437 3918 ,
462 3861 576 3924 284,
600 3870 644 3907 et
668 3878 692 3907 a
709 3863 835 3907 Julio
860 3863 1062 3907 firmico
1087 3874 1130 3908 et
1150 3866 1303 3909 Vettio
1324 3866 1538 3922 Valente,

1076 208 1315 286 Banosi'
1338 238 1635 287 CHALDAEi
1674 236 2091 294 FRAGMENTA.

1623 350 1693 392 uti
1715 359 1846 395 notat
1877 353 2115 398 Fabricius
2148 355 2197 397 in
2227 353 2346 401 Bibl.
2378 356 2456 404 Gr.
2492 366 2603 408 tom.
2634 361 2706 416 11,
2733 376 2784 420 p.
2822 358 2909 407 511

1624 422 1734 467 coll..
1761 437 1809 482 p.
1836 421 1948 468 510.
2995 418 3006 439 ,μ

2235 514 2311 563 23.

1689 603 1822 649 Idem
1845 607 1956 662 VII,
1985 605 2046 652 50
2063 623 2078 652 ⁴:
2103 609 2334 669 Epigenes
2358 619 2536 654 centum
2558 612 2800 657 duodecim
2822 629 2916 658 an-

1621 690 1704 719 nos
1723 679 1908 738 impleri
1930 685 2117 738 negavit
2131 696 2268 742 posse
2278 696 2293 736 ,·
2327 683 2522 726 Berosus
2547 685 2710 727 excedi
2735 694 2914 731 centum

1619 751 1957 808 septemdecim.

1686 821 1926 866 Censorin.
1953 825 2023 868 De
2047 823 2122 868 die
2150 833 2244 869 nat.
2274 840 2316 871 c.
2346 841 2400 883 17
2432 842 2443 870 ε
2479 827 2707 887 Epigenes
2735 832 2783 872 in
2809 815 2915 874 cen·

1621 901 1714 936 tum
1733 894 1972 939 duodecim
2003 900 2140 939 annis
2165 899 2475 957 longissimam
2495 904 2640 946 vitam
2659 898 2906 956 constituit,

1620 966 1816 1010 Berosus
1837 970 1884 1009 in
1902 977 2080 1011 centum
2096 970 2310 1016 sedecim.

1685 1038 1914 1097 Epigenes
1949 1039 2026 1083 ille
2062 1041 2317 1095 Byzan-tius
2351 1041 2524 1086 dicitur
2556 1035 2630 1103 ap.
2669 1045 2911 1092 Censorin.

1621 1124 1663 1153 0.
1705 1125 1748 1165 7,
1777 1109 1990 1155 Eundem
2020 1111 2213 1155 laudant
2243 1114 2416 1159 Seneca
2443 1115 2534 1173 Qu.
2570 1116 2677 1162 Nat.
2711 1118 2825 1173 VII,
2861 1116 2914 1174 3;

1620 1179 1831 1226 Stobaeus
1853 1183 1954 1229 Ecl..
1974 1185 2021 1239 I,
2050 1199 2136 1243 293
2164 1186 2400 1232 Plutarch.
2423 1190 2493 1231 De
2508 1189 2630 1246 plac.
2658 1189 2775 1247 phil.
2815 1192 2914 1246 III,
3005 1231 3008 1251 f

1622 1269 1676 1309 2,
1719 1272 1743 1312 7
1768 1252 2028 1317 (Ἐπιγένης
2061 1255 2302 1317 πνεύματος
2330 1256 2548 1322 ἀναφορὰν
2578 1264 2813 1322 γεωμιγοῦς
2837 1280 2916 1308 πε·
2967 1312 2969 1318 ,

1620 1325 1874 1390 πυρωμένου
1890 1344 1954 1374 sc.
1974 1325 2046 1373 τὸν
2063 1328 2258 1389 κομήτην
2284 1319 2393 1375 εἷναί
2408 1347 2534 1394 φησιν
2547 1334 2577 1391 )«.
2599 1335 2917 1393 Reponendus
2961 1355 2966 1358 ·
3005 1342 3008 1385 ἶ

1620 1401 1783 1461 etiam,
1802 1410 2024 1445 monente
2044 1401 2282 1446 Lobeckio
2303 1403 2352 1446 in
2366 1404 2599 1464 Aglaoph.
2618 1421 2668 1465 p.
2695 1405 2782 1459 341
2798 1442 2812 1464 ‚
2837 1423 2912 1467 ap.

1619 1472 1766 1518 schol.
1785 1473 1943 1532 Apoll.
1963 1473 2056 1519 Rh.
2081 1475 2169 1530 111,
2192 1473 2330 1532 1378,
2341 1476 2425 1519 uhi
2439 1478 2607 1537 vulgo:
2633 1469 2806 1541 lle-9105
2826 1477 2916 1540 (sc.
2972 1468 3008 1525 Γ

1619 1547 1692 1589 τοῦ
1715 1544 1942 1606 πυρόεντος
1965 1543 2168 1608 ἀστέρος)
2203 1544 2439 1608 Περιγένης
2458 1548 2502 1593 ἐν
2526 1547 2612 1601 τοῖς
2636 1549 2918 1604 Χαλκιδικοίς

1621 1616 1730 1678 (vv.
1759 1617 1843 1664 dd.
1866 1633 2051 1664 correx.
2083 1618 2369 1681 Χαλδαῖκοῒς)
2395 1618 2596 1683 περὶτῶν
2630 1621 2917 1684 μαθημάτων,
2968 1660 2976 1688 ¹.
3007 1667 3008 1671 ,

1619 1686 1836 1752 προειπὼν
1873 1687 1971 1752 περὶ
2010 1691 2093 1735 τῶν
2135 1689 2366 1746 πλανήτων
2411 1692 2506 1739 κτλ.
2550 1709 2576 1738 e
2621 1694 2732 1741 cod.
2773 1697 2914 1752 Par.;
3007 1735 3008 1738 ,

1619 1762 1762 1822 vulgo
1785 1761 1897 1824 Περ.
1931 1763 1973 1808 ἐν
1999 1764 2059 1826 τῷ
2084 1760 2182 1826 περὶ
2201 1765 2280 1820 τῆς
2299 1763 2570 1821 Χαλκιδικῆς
2596 1766 2682 1811 τῶν
2705 1768 2918 1828 μαθημα·
2964 1783 2966 1816 j
3006 1818 3008 1829 ζ

1619 1835 1765 1881 τικῶν.
1795 1835 2011 1880 Ceterum
2041 1837 2285 1895 Byzantius
2313 1837 2542 1897 Epigenes
2570 1838 2762 1884 fortasse
2791 1839 2918 1885 idem
2965 1860 2967 1862 ·
3005 1898 3008 1903 .

1619 1922 1762 1965 quem
1787 1908 2017 1952 Rhodium
2046 1907 2162 1952 dicit
2181 1910 2357 1953 Plinius
2386 1911 2436 1953 in
2453 1909 2560 1954 Ind.
2581 1920 2704 1958 auct.
2743 1911 2804 1956 ad
2827 1913 2912 1960 lib.
2970 1907 3008 1955 ’ἶ

1620 1980 1751 2026 VIII.
1770 1981 1835 2026 X.
1861 1982 1990 2027 XIV.
2009 1982 2113 2026 XV.
2136 1981 2288 2039 XVII,
2304 1983 2482 2038 XVIII,
2508 1997 2742 2042 quemque
2758 1985 2916 2031 laudat

1619 2052 1808 2109 XXXI,
1825 2067 1862 2099 S.
1888 2068 1944 2096 21
1971 2051 2227 2113 (Epigenes
2241 2069 2426 2113 aquam,
2455 2069 2561 2114 quoe
2581 2060 2749 2116 septies
2759 2066 2917 2119 putre-
3006 2070 3008 2080 ¹

1607 2121 1754 2181 facta
1786 2134 2011 2186 purgata
2034 2131 2122 2182 sit,
2155 2125 2373 2185 perhibet
2402 2128 2604 2187 amplius
2633 2143 2725 2173 non
2755 2139 2916 2190 putre—-

1618 2197 1792 2258 scere).
1889 2199 1891 2201 ’

2227 2285 2310 2318 22.

1685 2363 1921 2408 Vitruvius
1943 2363 2040 2423 IX,
2069 2368 2094 2417 4
2116 2358 2179 2425 (7)
2201 2380 2216 2406 .·
2241 2364 2407 2408 Cetera
2424 2379 2486 2408 ex
2500 2365 2753 2424 astrologia
2767 2397 2782 2420 ,
2808 2379 2918 2425 quos

1620 2433 1816 2493 effictus
1837 2436 2044 2481 habeant
2065 2442 2203 2497 signa
2226 2438 2465 2481 duodecim
2481 2475 2495 2495 ‚
2517 2439 2669 2482 stelloe
2692 2440 2906 2498 quinque,
3003 2486 3005 2491 .

1618 2510 1710 2563 sol,
1732 2506 1843 2553 luna
1862 2511 1931 2553 ad
1946 2509 2167 2554 humanae
2183 2514 2302 2554 vitoe
2316 2513 2558 2565 rationem,
2589 2509 2916 2556 Chaldoeorum
2955 2567 2958 2569 Δ
3003 2508 3006 2526 “

1619 2584 2047 2627 ratiocinationibus
2066 2593 2136 2626 est
2143 2584 2490 2638 concedendum,
2512 2584 2635 2643 quod
2635 2588 2836 2644 propria
2850 2593 2920 2628 est
2962 2632 2964 2634 ,

1619 2670 1772 2699 eorum
1791 2655 2169 2718 genethliologioe
2190 2660 2311 2701 ratio
2325 2690 2338 2712 ,
2371 2665 2424 2700 ut
2441 2659 2619 2717 possint
2644 2666 2754 2701 ante
2772 2653 2917 2714 sacta

1620 2727 1847 2785 ecfutura
1869 2745 1930 2773 ea·
1948 2730 2379 2774 ratiocinationibus
2404 2739 2628 2773 astrorum
2655 2730 2910 2788 explicare.

1619 2803 1791 2847 Eorum
1824 2812 1977 2846 autem
2003 2806 2298 2857 inventiones,
2338 2816 2454 2862 quas
2489 2805 2673 2860 scriptis
2714 2802 2915 2860 relique-

1619 2885 1747 2931 runt,
1769 2892 1862 2935 qua
1889 2877 2079 2919 solertia
2105 2877 2353 2935 quibusque
2385 2875 2674 2918 acuminibus
2699 2883 2744 2917 et
2775 2889 2913 2934 quam
2975 2935 2978 2942 .

1620 2953 1786 3007 magni
1803 2947 2008 3006 fuerint,
2054 2953 2133 3008 qui
2162 2946 2224 2992 ab
2249 2952 2350 3007 ipsa
2379 2951 2564 2991 natione
2587 2946 2913 2992 Chaldaeorum
2971 2959 3005 2979 2··

1612 3021 1960 3080 profluxerunt,
2003 3022 2262 3070 ostendunt.
2333 3020 2604 3078 Primusque
2635 3018 2830 3063 Berosus
2865 3024 2913 3063 in

1620 3095 1772 3136 insula
1793 3103 1840 3138 et
1858 3098 2037 3138 civitate
2064 3093 2126 3138 Co
2148 3094 2368 3146 consedit,
2404 3093 2556 3151 ibique
2575 3095 2762 3151 aperuit
2775 3092 2913 3136 disci·
3007 3137 3008 3140 ,

1615 3168 1816 3225 plinam.
1841 3167 2008 3210 Postea
2028 3167 2210 3210 studens
2228 3167 2474 3225 Antipater
2491 3169 2686 3223 itemque
2708 3163 2914 3209 Achiua-
2939 3204 2945 3210 .
2975 3192 2980 3206 ι
3003 3179 3005 3203 1

1614 3241 1772 3298 polias,
1801 3243 1880 3298 qui
1898 3243 2039 3283 etiam
2063 3254 2154 3281 non
2188 3253 2214 3282 e
2237 3241 2498 3290 nascentia,
2540 3237 2626 3280 sed
2659 3251 2720 3280 ex
2751 3251 2910 3281 conce·

1614 3316 1776 3370 ptione
1793 3310 2169 3372 genethliologioe
2195 3314 2395 3354 ratIones
2417 3311 2678 3369 explicatas
2693 3309 2893 3368 reliquit.

2226 3409 2306 3455 25.
2336 3458 2340 3461 ,

1684 3506 1858 3549 Plinius
1877 3507 1938 3549 H.
1963 3506 2023 3551 N.
2042 3506 2126 3550 VII
2140 3538 2152 3560 ‚
2180 3503 2237 3561 37
2263 3519 2274 3547 :
2304 3503 2350 3545 V
2345 3505 2548 3546 ariarum
2569 3503 2740 3544 artium
2761 3503 2910 3544 scien-

1618 3581 1698 3620 tioe
1719 3577 2074 3621 innumerabiles
2093 3579 2308 3629 enituere,
2333 3589 2448 3634 quas
2469 3583 2623 3617 tamen
2638 3574 2810 3630 attingi
2817 3585 2913 3630 par

1614 3653 1678 3692 sit
1691 3649 1861 3706 florem
1887 3648 2123 3693 hominum
2146 3647 2406 3691 libantibus.
2473 3645 2736 3704 Astrologia
2763 3642 2908 3687 Bero-

1614 3737 1711 3775 sus,
1741 3725 1816 3765 cui
1837 3722 1895 3766 ob
1920 3722 2099 3765 divinas
2119 3720 2455 3780 proedictiones
2477 3715 2784 3760 Athenienses
2800 3729 2907 3774 pu-

1617 3795 1732 3838 blice
1767 3797 1814 3837 in
1851 3794 2103 3854 Gymnasio
2132 3801 2332 3836 statuum
2359 3794 2577 3834 inaurata
2612 3789 2771 3848 lingua
2802 3794 2906 3831 sta·

1617 3876 1756 3912 tuere.
