3016 4628
94 386 115 397 “
111 397 151 459 ς4
179 372 411 429 laudatur,
436 380 488 415 ut
508 370 815 430 Phylarchum
832 381 983 416 tamen
996 373 1266 416 Plutarchus
1285 388 1380 416 ma·

177 452 388 496 sectatus
406 458 501 488 esse
537 443 751 487 videatur
813 442 826 503 (
848 459 894 487 v.
927 442 985 490 fr.
1022 444 1097 503 9).
1132 446 1200 488 De
1232 452 1385 488 morte

90 491 122 572 «b,
140 518 142 521 ’
207 516 256 559 hi
280 529 306 560 e
326 515 547 560 Pausania
570 516 696 570 1,14
718 523 931 574 apparet,
952 515 1091 574 plane
1110 515 1273 558 eadem
1295 523 1386 558 tra·

102 586 641 646 disseHieronymum
669 601 769 645 quae
805 586 1073 630 Plutarchus
1087 585 1292 632 tradidit
1313 586 1386 631 Ab

109 652 155 722 13³:
177 666 335 704 autem
353 658 431 702 vix
463 657 703 702 dissentire
732 657 934 712 videtur,
959 658 1045 701 nisi
1067 658 1148 715 qui
1184 658 1387 717 Argivo-

108 780 111 784 ,
132 748 169 769 m
209 726 294 775 de
282 745 336 774 115
356 725 588 788 fabulam,
614 745 706 788 qua
731 730 829 788 ipsa
855 729 990 773 Ceres
1013 729 1242 787 Pyrrhum
1260 730 1386 773 occi-

95 791 141 814 ⁵²
163 822 199 841 ε·
245 801 496 856 ferebatur,
535 810 807 860 sequeretur
828 798 1039 861 (Pausan.
1059 801 1083 844 Ῑ
1144 797 1220 860 13,
1250 800 1320 861 7).
1345 819 1365 840 n

91 870 97 913 ζ
125 925 133 934 ζ
146 895 150 901 ·
163 894 165 896 >
176 888 200 918 c
222 872 528 918 BriickneruS.
594 912 596 914 .

95 948 111 977 ὕ,
127 956 131 979 i

296 1081 1179 1154 PYRRHUSIHHROTA.

331 1224 797 1276 ὙΠΟΜΝΗΜΑΤΑ
831 1226 1148 1275 ΒΑΣῙΛΙΚΑ.

160 1335 391 1394 Pyrrhum
410 1349 568 1395 regem
604 1334 662 1378 de
695 1349 746 1379 re
775 1335 963 1378 militari
985 1335 1212 1394 scripsisse
1227 1334 1388 1380 Cicero

98 1415 286 1461 ,statur
321 1415 368 1451 et
401 1407 632 1460 AElianus‚
678 1421 882 1465 quorum
909 1406 987 1450 ille
1022 1407 1071 1450 in
1098 1407 1290 1465 Epistol.'
1331 1407 1392 1451 ad

92 1481 192 1527 riv.
222 1479 294 1524 IX
309 1513 322 1535 ,
351 1475 410 1522 25
435 1479 701 1522 :Summum
725 1493 798 1522 me
820 1479 982 1522 ducem
1005 1479 1152 1522 literoe
1179 1489 1271 1523 tuoe
1289 1479 1391 1523 red·

81 1554 87 1607 ζ
130 1550 252 1595 idere
260 1552 275 1604 ,⁴
297 1550 443 1609 plane
479 1550 735 1593 nescIebam
771 1557 814 1593 te
849 1559 942 1593 tam
968 1553 1164 1608 peritum
1209 1566 1304 1596 esse
1330 1554 1400 1596 rei

113 1695 305 1739 lianus
331 1706 446 1737 vero
469 1689 1229 1756 (Το0110.0.1)εἘξειργάσαντο
1248 1691 1292 1739 δὲ
1317 1692 1394 1750 τὴν

135 1761 292 1830 ρίαν,
316 1761 488 1816 Αἰνείας
525 1781 571 1808 τε
595 1761 664 1808 διὰ
685 1760 892 1808 πλειόνων
930 1763 1004 1809 καὶ
1031 1762 1298 1827 στρατηγικὰ
1324 1767 1395 1828 βι-

88 1854 120 1895 ι
143 1834 203 1883 let
229 1835 388 1887 ἱκανως
426 1831 761 1895 συνταξάμενος,
796 1837 856 1880 ὧν
888 1832 1097 1896 ἐπιτομὴν
1123 1837 1146 1881 ὁ
1179 1836 1397 1890 Θετταλὸς

93 1899 258 1969 uvius
271 1905 464 1965 ἐποίησε,
487 1903 658 1970 Πύρρος
676 1924 723 1952 τε
742 1908 765 1953 ὁ
787 1904 1060 1972 Ἠπειρώτης
1079 1906 1279 1956 Τακτικὰ
1303 1927 1397 1955 συν-

89 2003 134 2051 :a
150 1982 276 2048 ραψε.
297 1979 509 2046 Eundem
528 1981 667 2027 etiam
686 1980 1044 2027 commentarios
1068 1981 1312 2028 historicos
1339 1981 1397 2026 de

32 2055 33 2058 ’
96 2044 239 2118 ῗῑ,’ζ“33
261 2055 319 2100 ab
355 2055 456 2115 ipso
492 2056 629 2115 gestis
662 2055 974 2116 composuisse
1015 2055 1128 2100 dicit
1149 2055 1399 2116 Dionysius

100 2124 190 2239 :fi-:⁵¹5
193 2127 509 2259 icarnazsensis
542 2126 627 2188 (fr.
673 2125 742 2189 3).
766 2130 939 2174 Verum
963 2143 1020 2172 ex
1038 2128 1192 2172 verbis
1225 2131 1397 2174 Pausa-

177 2196 529 2260 (11.1).ἔστι
553 2196 597 2244 δὲ
622 2197 801 2263 ἀνδράσι
824 2197 970 2260 βιὸλία
989 2200 1067 2246 οὐκ
1091 2197 1337 2263 ἐπιφανέσιν
1359 2201 1400 2252 ἐς

97 2261 391 2339 γγραφὴν
369 2289 387 2316 ε
389 2288 522 2333 χοντα
542 2268 796 2335 ἐπίγραμμα
813 2269 948 2335 ἔργων
961 2269 1251 2332 ὑπομνήματα
1277 2263 1398 2330 εἶναι,

36 2357 42 2385 1
112 2400 115 2409 „
128 2342 391 2404 1101111150
415 2343 596 2404 Pyrrho
613 2359 692 2389 eos
716 2343 798 2388 sed
814 2344 872 2388 ab
890 2345 990 2389 a-liis
1013 2343 1290 2405 quibusdam
1323 2346 1398 2403 ju-

120 2400 194 2492 42⁸,
230 2435 372 2483 rege
389 2423 679 2483 conscriptos
695 2436 789 2467 esse
810 2422 1010 2483 colligas.

736 2515 780 2544 1.

127 2556 418 2613 Pausamas
437 2566 483 2622 Ι,
513 2580 597 2621 12,
623 2580 649 2609 2
680 2581 690 2608 ε
710 2561 841 2610 Ἔστι
877 2561 922 2609 δὲ
946 2563 1126 2627 ἀνδράσι
1153 2557 1319 2628 βιὸλία“
1324 2566 1402 2612 οὐκ

129 2633 354 2702 φανέσιν
395 2630 436 2688 ἐς
455 2633 766 2709 συγγραφὴν,”
742 2653 895 2698 εχοντα
917 2633 1172 2699 ἐπίγραμμα
1186 2630 1402 2701 Ἔργων

108 2721 205 2762 πο
218 2724 318 2768 μνη
335 2725 478 2768 ματα
493 2710 615 2752 εἶναι.
631 2709 784 2754 Ταυτα
802 2705 1091 2773 ἐπιλεγομένῳ
1116 2725 1188 2769 μοι
1214 2708 1404 2769 μάλιστα

109 2773 270 2828 ἶἽθε
310 2778 532 2839 θαυμάσαι
563 2778 740 2844 Πύρρου
780 2778 943 2841 τόλμαν
973 2797 1044 2840 τε,
1081 2778 1134 2836 ἢν
1162 2780 1405 2844 μαχόμενος

106 2801 237 2952 Ξῦτός
258 2851 362 2916 [τε]
386 2851 642 2917 παρείχετο,
672 2851 747 2899 καὶ
773 2850 852 2909 τὴν
879 2851 948 2898 ἐπι
974 2855 1058 2904 τοῖς
1086 2852 1152 2899 ἀεὶ
1178 2852 1405 2914 μελλουσιν

113 2923 478 2987 ’ῒῶσιπρόνοιαψ
493 2922 536 2978 ὃς
552 2942 625 2970 και
645 2921 740 2970 τότε
756 2921 1062 2986 περαιούμενος
1074 2942 1223 2970 ναυσιν
1243 2926 1283 2977 ἐς
1292 2924 1405 2971 Ἰτα·

43 3057 46 3062 ι
99 2997 123 3046 ,ἒ
111 2992 212 3083 ίαν
229 2993 690 3058 Ῥωμαίουςέλελήθει,
699 2994 900 3054 καὶῆκων
920 2989 1164 3049 οὐκεύθυς’
1136 3015 1187 3053 ην
1199 2995 1407 3061 σφίσιφα-

107 3047 130 3094 Γ
160 3064 258 3122 ός·
277 3067 500 3130 γινομένης
524 3066 568 3115 δὲ
593 3066 828 3130 Ῥωμαίων
853 3068 957 3131 πρὸς
981 3067 1271 3133 Ταραντίνους
1299 3087 1411 3130 συμ-

108 3135 266 3202 λης,
276 3139 372 3187 τότε
396 3138 448 3197 δὴ
473 3143 640 3203 πρῶτον
661 3139 929 3203 ἐπιφαίνεται
956 3139 1030 3187 συν
1048 3144 1108 3206 τῷ
1121 3143 1311 3205 στρατῶ,
1336 3160 1408 3187 και

136 3209 220 3275 ρ’
253 3211 406 3258 ἐλπίδα
431 3211 550 3275 σφίσι
571 3210 850 3276 προσπεσὼν,
874 3214 931 3265 ὡς
952 3211 1000 3258 τὸ
1031 3211 1167 3270 εἰκὸς,
1191 3211 1408 3277 ἐτάραξεν.

427 3363 873 3412 COMMENTARII
907 3365 1100 3412 REGlI.

748 3502 811 3557 1.⁴

146 3611 299 3658 Libri
307 3611 466 3652 exstant
478 3622 559 3651 non
581 3621 675 3652 sane
689 3611 902 3652 illustrium
918 3612 1150 3660 auctorum,
1177 3611 1247 3661 qui
1269 3613 1415 3651 Rerum

103 3694 174 3771 :ff
180 3693 193 3711 2«
218 3705 220 3708 .
281 3676 608 3716 mcommentarn
622 3676 903 3716 inscribuntur
918 3678 1026 3722 Quos
1041 3675 1137 3715 dum
1152 3676 1261 3725 lego
1278 3675 1416 3726 Pyrrhi

150 3750 251 3807 um
277 3739 523 3781 alacritatem
541 3750 663 3791 quam
680 3739 722 3779 in
736 3739 886 3791 proeliis
912 3749 995 3790 prae
1014 3749 1056 3779 se
1074 3739 1190 3789 tulit,
1206 3741 1294 3779 tum
1323 3750 1416 3791 pro·

122 3820 124 3823 ’
177 3821 183 3836 ¹
204 3820 210 3838 ··
229 3821 234 3839 ι
278 3820 316 3854 fc,
349 3835 363 3856 ‚
378 3815 458 3857 qua
475 3816 519 3847 se
533 3805 582 3846 ad
600 3806 756 3845 futuras
770 3803 1042 3844 dimicationes
1055 3803 1320 3854 comparavit,
1335 3814 1417 3843 non

108 3871 145 3926 fs
145 3914 148 3918 ,
186 3876 288 3921 um
309 3881 392 3911 non
412 3881 651 3922 magnopere
668 3869 868 3911 admirari.
886 3871 986 3910 Nam
1003 3870 1234 3920 priusquam
1250 3870 1418 3909 Romani

106 3947 130 3991 j
160 3933 350 3985 ”ten-nat,
365 3935 408 3975 in
422 3936 579 3976 ltaliam
595 3935 718 3976 classe
738 3934 978 3984 transmisit,
998 3935 1038 3974 et
1052 3944 1177 3983 quum
1189 3933 1272 3982 jam
1289 3943 1417 3983 appu-

157 4009 160 4011 ·
245 4027 260 4048 ,
273 4008 354 4038 11011
367 3998 478 4048 prius
490 3998 627 4040 adesse
639 4009 733 4039 eum
749 3998 916 4039 Romani
933 3996 1260 4046 animadvertere,
1279 3994 1418 4046 quam,

112 4057 147 4100 5⁸-
176 4068 251 4095 ’·ε··
265 4060 341 4102 ‘ssa
357 4071 452 4102 cum
469 4062 690 4103 Tarentinis
703 4073 856 4113 pugna,
873 4072 916 4102 se
929 4061 996 4101 ille
1011 4071 1104 4100 cum
1131 4059 1307 4100 exercitu
1330 4062 1420 4099 ino·

120 4144 134 4166 1
149 4132 168 4148 ⁵
186 4141 213 4157 02
225 4125 269 4165 to
303 4125 498 4176 ostendit,
529 4126 717 4177 factoque
747 4127 909 4177 repente
941 4125 1115 4176 impetu,
1145 4124 1341 4175 bostium,
1374 4124 1421 4165 ut

118 4211 138 4251 ἱ
158 4207 165 4224 r
200 4190 329 4243 01101,
342 4201 482 4241 agmen
497 4191 687 4232 turbavit.
783 4211 786 4215 ⁴

1067 265 1372 314 PYRRHUS.
1415 266 1574 314 Pnox
1587 266 1757 316 ENUS.

95 1663 97 1667 ,
144 1624 326 1668 ilitart's.
350 1620 522 1679 Pyrrhi
536 1630 580 1665 te
596 1622 732 1665 libros
748 1630 795 1665 et
813 1622 971 1666 Cineoe
987 1623 1125 1666 video
1144 1624 1363 1669 lectitasse
1372 1641 1391 1679 ,·
1426 1642 1427 1645 ’

2635 278 2718 320 ml

1525 375 1637 430 Quae
1668 388 1811 431 quum
1845 388 2008 432 parum
2031 378 2286 421 verisimilia
2317 380 2426 433 sint,
2455 381 2731 437 Droysenius
2789 424 2791 427 ,

1463 446 1661 503 (Hellen.
1685 446 1760 499 ΙΙ,
1789 460 1838 503 p.
1873 460 1952 489 121
1980 446 2104 504 not.)
2138 449 2399 493 Pausaniam
2430 454 2582 494 statuit
2605 452 2729 495 1111110

1462 517 1509 559 in
1538 516 1733 560 modum
1756 518 2102 575 interpretatum
2136 533 2227 563 esse
2250 536 2349 577 quae
2373 523 2418 565 in
2442 523 2730 566 Commenta·

1460 588 1539 630 riis
1560 589 1698 646 regiis
1720 587 1779 631 de
1811 588 1987 646 Pyrrho
2022 604 2116 631 non
2142 590 2492 647 impedientibus
2517 594 2733 637 Romanis

1461 659 1509 702 in
1531 660 1706 703 Italiam
1723 660 1983 719 appellente
2010 660 2199 720 legisset.
2226 662 2361 718 Quod
2379 664 2498 707 1100ιὶ
2514 666 2733 709 verisimi-

1461 731 1547 774 lius
1566 740 1648 776 est.

1999 830 2001 832 v
2079 816 2123 846 2.

1524 888 1754 932 Plutarch.
1782 887 1944 946 Pyrrh.
1971 902 2011 932 0.
2048 902 2126 942 21,
2147 886 2206 931 de
2226 902 2419 931 numero
2444 903 2603 933 eorum
2620 924 2631 945 ,
2657 892 2737 950 qui

1461 961 1508 1005 in
1544 961 1713 1019 proelio
1737 958 1797 1003 ad
1819 959 2036 1004 Asculum
2070 960 2309 1003 commisso
2334 959 2595 1007 ceciderint.
2626 962 2740 1006 Vide

1460 1032 1735 1091 Hieronymi
1753 1030 1965 1076 Cardiani
1991 1030 2049 1075 fr.
2075 1029 2122 1077 8.

2081 1115 2128 1162 3.

1526 1197 1716 1256 Dionys,
1740 1196 1886 1242 Halic.
1906 1198 2014 1242 Ant.
2033 1198 2170 1241 Rom.
2194 1197 2304 1240 Exc.
2330 1210 2381 1255 p.
2408 1194 2531 1241 2363
2556 1195 2627 1241 ed.
2652 1198 2740 1242 R.:

1462 1265 1576 1315 Οὐδὲ
1599 1265 1733 1314 τόπου
1752 1265 1876 1330 φύσις
1917 1265 2081 1323 ἄνισος,
2106 1264 2194 1312 οὔτ’
2217 1265 2461 1328 ἐπικουρίας
2482 1267 2567 1319 τοῖς
2586 1266 2742 1330 ἑτέροις

1464 1338 1599 1404 ἄφιξις
1620 1336 1846 1402 αἰφνίδιος,
1874 1336 1961 1384 οὔτ’
1996 1336 2107 1394 ἄλλη
2126 1356 2188 1390 τις
2217 1335 2414 1402 συμφορὰ
2434 1339 2506 1384 καὶ
2536 1338 2746 1402 πρόφασις

1466 1409 1782 1475 ἀπροσδόκητος
1821 1411 2083 1456 ἐπιπεσοῦσα
2106 1408 2328 1473 συνέτριψε
2359 1407 2413 1455 τὰ
2445 1408 2614 1473 Πύρρου
2637 1410 2748 1472 πρά-

1465 1501 1638 1546 γματα,
1666 1483 1761 1528 ἀλλ’
1783 1483 1806 1527 ὁ
1823 1484 1899 1538 τῆς
1913 1479 2194 1538 ἀσεὸηθείσης
2217 1484 2312 1533 θεᾶς
2335 1480 2480 1543 χολὸς,
2501 1479 2546 1527 ὃν
2567 1482 2655 1528 οὐδ’
2672 1482 2749 1529 αὖ·

1466 1552 1533 1607 τὸς
1552 1551 1696 1615 ἠγνόει
1715 1550 1910 1615 Πύρρος,
1937 1554 1993 1605 ὥς
2016 1550 2219 1615 Πρόξενος
2245 1555 2268 1599 ὁ
2297 1551 2560 1617 συγγραφεὺς
2592 1555 2748 1616 ἱστορεῖ

1467 1624 1542 1672 καὶ
1565 1624 1722 1678 αὗτὸςὸ
1740 1622 1911 1688 Πύρρος
1935 1624 1978 1670 ἐν
1999 1626 2086 1676 τοῖς
2107 1623 2226 1677 ἰδίοις
2243 1622 2553 1685 Ὑπομνήμασι
2578 1626 2744 1688 γράφει.

1471 1696 1550 1745 Ἐν
1574 1695 1656 1760 γὰρ
1673 1699 1725 1760 τῇ
1749 1694 1894 1753 νυκτὶ,
1929 1698 1972 1742 ἐν
1995 1689 2024 1759 ᾗ
2054 1694 2132 1752 τὴν
2156 1693 2358 1759 στρατιὰν
2382 1694 2555 1757 ἔμελλεν
2578 1696 2749 1750 ἀπάξειν

1471 1767 1542 1814 ἐπὶ
1561 1767 1610 1814 τὸ
1643 1766 1761 1831 ὄρος,
1800 1764 1913 1821 ἔδοξε
1938 1766 2049 1814 κατὰ
2083 1764 2180 1821 τοὺς
2218 1764 2370 1820 ὕπνους
2409 1769 2600 1815 ἐκπεσεῖν
2622 1770 2751 1815 αὐτοῦ

1471 1838 1667 1893 πλείονας
1688 1837 1883 1897 ὀδόντας,
1903 1837 1978 1886 καὶ
1995 1840 2155 1896 πλῆθος
2179 1836 2357 1895 αἵματος
2377 1839 2425 1886 ἐκ
2448 1843 2521 1886 τοῦ
2543 1839 2751 1902 στόματος

1473 1912 1688 1976 φέρεσθαι.
1706 1914 1747 1959 Τ
1750 1910 1952 1976 αραχθεὶς
1976 1911 2019 1957 δὲ
2045 1908 2114 1957 διὰ
2137 1908 2214 1967 τὴν
2238 1907 2332 1975 ὄψιν
2349 1911 2422 1957 καὶ
2449 1911 2638 1973 μεγάλην
2660 1913 2751 1959 ἔσε-

1472 1987 1570 2030 σθαι
1603 1981 1824 2048 συμφορὰν
1872 1980 2422 2045 μαντευόμενος,ἐὸούλετο
2454 1984 2642 2047 ἐπισχεῖν
2676 1983 2753 2039 τὴν

1472 2055 1636 2120 ἡμέραν
1662 2055 1839 2113 ἐκείνην.
1857 2056 1952 2103 Οὔκ
1969 2053 2092 2118 ἴσχυε
2115 2053 2159 2101 δὲ
2180 2057 2350 2111 νικῆσαι
2363 2052 2439 2112 τὴν
2454 2054 2752 2120 πεπρωμένην,

1473 2126 1802 2192 ἐναντιουμένων
1824 2130 1909 2176 τῶν
1935 2127 2067 2195 φίλων
2095 2124 2199 2192 πρὸς
2234 2125 2310 2184 τὴν
2337 2126 2567 2185 ἀναὸολὴν,
2594 2130 2666 2175 καὶ
2690 2127 2751 2189 μὴ

1474 2208 1661 2266 μεθεῖναι
1683 2201 1753 2249 τὸν
1774 2201 1919 2266 καιρὸν
1940 2204 1988 2249 ἐκ
2007 2203 2089 2247 τῶν
2104 2202 2260 2264 χειρῶν
2282 2199 2523 2254 ἀξιούντων.

1538 2275 1662 2337 θεᾶς]
1696 2291 1759 2320 50.
1788 2276 2097 2335 Proserpinae,
2122 2273 2251 2331 cujus
2270 2273 2492 2332 templum
2527 2274 2754 2318 Locrense

1474 2349 1675 2408 Pyrrhus
1721 2348 2019 2407 expilaverat.
2067 2346 2183 2391 Vide
2220 2360 2320 2404 quae
2361 2343 2638 2389 antecedunt
2674 2360 2749 2404 ap.

1473 2421 1668 2480 Dionys,
1687 2420 1721 2466 l.
1748 2420 1779 2466 l.
1800 2418 1869 2465 Cf.
1891 2420 2117 2477 Droysen.
2141 2417 2175 2463 l.
2199 2417 2231 2460 l.
2256 2431 2304 2476 p.
2337 2414 2440 2476 195.

1869 2657 2372 2730 PROXENUS.

1544 2784 1635 2841 Qui
1658 2782 1881 2841 Dionysio
1915 2782 1945 2825 1.
1969 2782 2000 2827 l.
2023 2789 2308 2825 memoratur
2331 2779 2566 2824 Proxenus
2582 2778 2760 2838 scripsit

1480 2852 1798 2916 Ἢπειρωτικὰ,
1832 2854 1991 2912 inquo
2021 2868 2161 2913 opere
2189 2852 2247 2896 de
2275 2851 2440 2910 Pyrrhi
2471 2850 2659 2895 historia
2694 2850 2760 2894 su·

1480 2930 1571 2973 sius
1590 2927 1851 2986 exposuisse
1882 2925 2083 2972 videtur.
2112 2923 2326 2983 Ejusdem
2364 2922 2490 2967 haud
2521 2921 2660 2966 dubie
2686 2936 2761 2967 au·

1482 3000 1621 3044 ctoris
1640 2998 1887 3043 laudantur
1907 2997 2015 3041 libri
2042 2994 2150 3059 Περὶ
2162 2994 2303 3059 πόρων
2325 2995 2558 3042 Σικελικῶν
2583 3002 2628 3038 et
2652 2992 2760 3056 Περὶ

1483 3068 1700 3123 πολιτείας
1723 3070 2005 3124 Λακωνικῆς;
2047 3069 2215 3128 quibus
2251 3066 2591 3113 conscribendis
2610 3081 2761 3110 ansam

1486 3142 1663 3188 dedisse
1682 3142 1848 3202 Pyrrhi
1866 3143 1915 3186 in
1941 3142 2141 3186 Siciliam
2170 3141 2282 3184 etin
2298 3140 2662 3199 Peloponnesum
2689 3152 2762 3181 ex·

1484 3214 1746 3274 peditiones
1761 3248 1774 3270 ‚
1792 3223 1930 3272 atque
1953 3213 2174 3271 aequalem
2201 3212 2319 3272 regis
2337 3212 2595 3257 Proxenum
2615 3209 2761 3261 fuisse,

2108 3353 2149 3391 3.

1537 3423 1618 3461 Nec
1637 3421 1711 3461 loci
1729 3421 1914 3470 iniquitas
1931 3431 2060 3470 neque
2074 3419 2220 3459 auxilia
2235 3418 2428 3458 submissa
2444 3416 2618 3455 hostibus
2631 3425 2678 3454 00
2700 3424 2762 3453 re·

1487 3487 1605 3535 pente
1630 3483 1968 3535 supervenientia,
1994 3494 2123 3534 neque
2148 3482 2227 3522 ulla
2257 3481 2460 3521 calamitas
2483 3482 2552 3519 aut
2584 3477 2765 3518 fortuitus

1487 3560 1603 3589 casus
1623 3559 1685 3589 res
1705 3549 1845 3599 Pyrrhi
1864 3548 2060 3597 afflixere,
2079 3547 2149 3587 sed
2165 3547 2272 3587 solus
2282 3544 2516 3596 indignantis
2528 3543 2612 3583 deae
2627 3542 2732 3581 furor
2749 3570 2761 3589 ,

1487 3614 1594 3664 quod
1622 3625 1696 3654 1100
1714 3614 1796 3665 ipse
1827 3613 2002 3663 Pyrrhus
2020 3612 2276 3660 diffitebatur,
2305 3612 2350 3650 ut
2376 3612 2576 3650 Proxenus
2592 3605 2761 3646 historie

1487 3679 1655 3730 scriptor
1668 3681 1788 3729 atque
1803 3678 1884 3729 ipse
1899 3679 1940 3718 in
1955 3676 2258 3718 Commentariis
2272 3685 2403 3715 rerum
2419 3682 2576 3713 suarum
2594 3669 2763 3719 Pyrrhus

1487 3744 1633 3795 prodit.
1654 3746 1778 3784 Nocte
1801 3744 1907 3783 enim
1926 3753 2005 3793 qua
2023 3742 2065 3782 in
2082 3743 2223 3782 collem
2252 3739 2469 3780 exercitum
2497 3734 2762 3776 subducturus

1489 3810 1596 3858 erat,
1617 3807 1726 3848 visus
1744 3807 1819 3847 sibi
1837 3807 1877 3847 in
1891 3807 2037 3847 somnis
2056 3809 2115 3847 oet
2134 3806 2338 3857 plerasque
2365 3802 2498 3842 dentes
2525 3799 2650 3838 multo
2670 3807 2761 3837 cnm

1490 3870 1680 3921 sanguine
1708 3881 1914 3921 exspuere.
1941 3870 2036 3916 Quo
2065 3869 2150 3909 viso
2178 3878 2259 3908 non
2289 3862 2532 3905 mediocriter
2557 3861 2760 3908 turbatus,

1490 3944 1616 3984 quum
1659 3943 1779 3983 grave
1822 3932 2013 3972 damnum
2049 3930 2273 3982 impendere
2310 3927 2538 3977 conjiceret,
2573 3924 2762 3963 statuerat

1492 3998 1652 4048 quidem
1664 3997 1782 4038 eodie
1800 4008 1842 4037 se
1856 3997 2072 4045 continere;
2089 4006 2228 4035 verum
2245 3993 2378 4033 amicis
2393 4000 2541 4030 moram
2556 3991 2593 4027 et
2605 3989 2763 4027 cuneu-

1490 4062 1641 4101 tionem
1657 4060 2001 4111 adspernantibus,
2018 4059 2267 4106 multumque
2294 4053 2517 4101 orantibus,
2540 4062 2590 4090 ne
2619 4060 2763 4100 oppon-2

1492 4124 1703 4164 tunitatem
1718 4134 1740 4163 e
1754 4123 1937 4162 manibus
1961 4122 2060 4162 elabi
2087 4121 2229 4160 sineret
2280 4118 2401 4156 satum
2431 4124 2611 4165 superare.
2634 4111 2761 4152 baud-

1492 4187 1693 4239 quaqu'am
1708 4188 1851 4238 potuit.
