<?xml version="1.0" encoding="UTF-8"?>
<!DOCTYPE html PUBLIC "-//W3C//DTD XHTML 1.0 Transitional//EN"
    "http://www.w3.org/TR/xhtml1/DTD/xhtml1-transitional.dtd">
<html xmlns="http://www.w3.org/1999/xhtml" xml:lang="en" lang="en">
 <head>
  <title>
</title>
<meta http-equiv="Content-Type" content="text/html;charset=utf-8" />
  <meta name='ocr-system' content='tesseract 3.04.00' />
  <meta name='ocr-capabilities' content='ocr_page ocr_carea ocr_par ocr_line ocrx_word'/>
</head>
<body>
  <div class='ocr_page' id='page_1' title='image "./fragmentahistori02mueluoft_0284.png"; bbox 0 0 3016 4628; ppageno 0'>
   <div class='ocr_carea' id='block_1_1' title="bbox 234 255 323 294">
    <p class='ocr_par' dir='ltr' id='par_1_1' title="bbox 234 255 323 294">
     <span class='ocr_line' id='line_1_1' title="bbox 234 255 323 294; baseline 0 -1"><span class='ocrx_word' id='word_1_1' title='bbox 234 255 323 294; x_wconf 75' lang='lat'>232</span> 
     </span>
    </p>
   </div>
   <div class='ocr_carea' id='block_1_2' title="bbox 223 351 1522 2217">
    <p class='ocr_par' dir='ltr' id='par_1_2' title="bbox 224 351 1522 1139">
     <span class='ocr_line' id='line_1_2' title="bbox 227 351 1511 414; baseline -0.001 -14"><span class='ocrx_word' id='word_1_2' title='bbox 227 360 449 400; x_wconf 70' lang='lat' dir='ltr'>Praeterea</span> <span class='ocrx_word' id='word_1_3' title='bbox 499 371 607 398; x_wconf 69' lang='lat' dir='ltr'>vero</span> <span class='ocrx_word' id='word_1_4' title='bbox 650 355 761 398; x_wconf 81' lang='lat' dir='ltr'>nihil</span> <span class='ocrx_word' id='word_1_5' title='bbox 813 355 966 399; x_wconf 90' lang='lat' dir='ltr'>habeo</span> <span class='ocrx_word' id='word_1_6' title='bbox 1002 355 1133 414; x_wconf 83' lang='lat' dir='ltr'>quod</span> <span class='ocrx_word' id='word_1_7' title='bbox 1172 351 1379 399; x_wconf 79' lang='lat' dir='ltr'>Pliileam</span> <span class='ocrx_word' id='word_1_8' title='bbox 1425 371 1511 399; x_wconf 85' lang='lat' dir='ltr'>no-</span> 
     </span>
     <span class='ocr_line' id='line_1_3' title="bbox 224 427 1508 486; baseline -0.002 -15"><span class='ocrx_word' id='word_1_9' title='bbox 224 438 425 472; x_wconf 74' lang='lat' dir='ltr'>strorum</span> <span class='ocrx_word' id='word_1_10' title='bbox 453 427 821 486; x_wconf 74' lang='lat' dir='ltr'>fragmentorum</span> <span class='ocrx_word' id='word_1_11' title='bbox 855 427 1044 472; x_wconf 85' lang='lat' dir='ltr'>fortasse</span> <span class='ocrx_word' id='word_1_12' title='bbox 1068 437 1304 471; x_wconf 80' lang='lat' dir='ltr'>auctorem</span> <span class='ocrx_word' id='word_1_13' title='bbox 1324 443 1416 472; x_wconf 88' lang='lat' dir='ltr'>esse</span> <span class='ocrx_word' id='word_1_14' title='bbox 1439 429 1508 470; x_wconf 92' lang='lat' dir='ltr'>in-</span> 
     </span>
     <span class='ocr_line' id='line_1_4' title="bbox 226 498 1513 561; baseline 0.002 -20"><span class='ocrx_word' id='word_1_15' title='bbox 226 501 365 543; x_wconf 77' lang='lat' dir='ltr'>dicet.</span> <span class='ocrx_word' id='word_1_16' title='bbox 403 498 582 543; x_wconf 80' lang='lat' dir='ltr'>Scimus</span> <span class='ocrx_word' id='word_1_17' title='bbox 609 500 951 545; x_wconf 70' lang='lat' dir='ltr'><strong>Atheniensium</strong></span> <span class='ocrx_word' id='word_1_18' title='bbox 992 501 1114 544; x_wconf 89' lang='lat' dir='ltr'>hunc</span> <span class='ocrx_word' id='word_1_19' title='bbox 1139 501 1459 561; x_wconf 88' lang='lat' dir='ltr'>geographum</span> <span class='ocrx_word' id='word_1_20' title='bbox 1491 516 1513 543; x_wconf 89' lang='lat' dir='ltr'>a</span> 
     </span>
     <span class='ocr_line' id='line_1_5' title="bbox 224 571 1515 633; baseline -0.001 -17"><span class='ocrx_word' id='word_1_21' title='bbox 224 573 468 616; x_wconf 78' lang='lat' dir='ltr'>Macrohio</span> <span class='ocrx_word' id='word_1_22' title='bbox 497 571 617 631; x_wconf 83' lang='lat' dir='ltr'>(Sat.</span> <span class='ocrx_word' id='word_1_23' title='bbox 651 574 703 625; x_wconf 84' lang='lat' dir='ltr'>V,</span> <span class='ocrx_word' id='word_1_24' title='bbox 735 588 795 617; x_wconf 81' lang='lat'>20</span> <span class='ocrx_word' id='word_1_25' title='bbox 818 574 830 633; x_wconf 95' lang='lat'>)</span> <span class='ocrx_word' id='word_1_26' title='bbox 853 577 1114 633; x_wconf 79' lang='lat' dir='ltr'><em>scriptorem</em></span> <span class='ocrx_word' id='word_1_27' title='bbox 1136 583 1334 617; x_wconf 82' lang='lat' dir='ltr'>veterem</span> <span class='ocrx_word' id='word_1_28' title='bbox 1361 573 1450 616; x_wconf 89' lang='lat' dir='ltr'>dici</span> <span class='ocrx_word' id='word_1_29' title='bbox 1471 581 1515 615; x_wconf 89' lang='lat' dir='ltr'>et</span> 
     </span>
     <span class='ocr_line' id='line_1_6' title="bbox 225 631 1522 705; baseline -0.001 -18"><span class='ocrx_word' id='word_1_30' title='bbox 225 660 332 688; x_wconf 86' lang='lat' dir='ltr'>cum</span> <span class='ocrx_word' id='word_1_31' title='bbox 371 631 578 704; x_wconf 41' lang='lat' dir='ltr'>Ephoro·</span> <span class='ocrx_word' id='word_1_32' title='bbox 594 647 839 705; x_wconf 80' lang='lat' dir='ltr'>componi3</span> <span class='ocrx_word' id='word_1_33' title='bbox 881 655 1213 704; x_wconf 82' lang='lat' dir='ltr'>auctoremque</span> <span class='ocrx_word' id='word_1_34' title='bbox 1251 660 1343 689; x_wconf 89' lang='lat' dir='ltr'>esse</span> <span class='ocrx_word' id='word_1_35' title='bbox 1385 643 1522 705; x_wconf 72' lang='grc' dir='ltr'>Περί-</span> 
     </span>
     <span class='ocr_line' id='line_1_7' title="bbox 224 702 1516 776; baseline -0.002 -17"><span class='ocrx_word' id='word_1_36' title='bbox 224 715 360 769; x_wconf 85' lang='grc' dir='ltr'>πλων,</span> <span class='ocrx_word' id='word_1_37' title='bbox 385 717 466 775; x_wconf 87' lang='lat' dir='ltr'>qui</span> <span class='ocrx_word' id='word_1_38' title='bbox 498 717 663 774; x_wconf 80' lang='lat' dir='ltr'>passim</span> <span class='ocrx_word' id='word_1_39' title='bbox 687 732 712 760; x_wconf 87' lang='lat' dir='ltr'>a</span> <span class='ocrx_word' id='word_1_40' title='bbox 735 702 967 776; x_wconf 61' lang='lat' dir='ltr'>Stephano</span> <span class='ocrx_word' id='word_1_41' title='bbox 993 719 1182 776; x_wconf 86' lang='lat' dir='ltr'>aliisque</span> <span class='ocrx_word' id='word_1_42' title='bbox 1209 717 1516 776; x_wconf 80' lang='lat' dir='ltr'>grammaticis</span> 
     </span>
     <span class='ocr_line' id='line_1_8' title="bbox 225 787 1511 849; baseline -0.002 -18"><span class='ocrx_word' id='word_1_43' title='bbox 225 798 271 832; x_wconf 85' lang='lat' dir='ltr'>et</span> <span class='ocrx_word' id='word_1_44' title='bbox 285 789 560 849; x_wconf 85' lang='lat' dir='ltr'>geographis</span> <span class='ocrx_word' id='word_1_45' title='bbox 578 787 840 834; x_wconf 86' lang='lat' dir='ltr'>laudantur.</span> <span class='ocrx_word' id='word_1_46' title='bbox 861 790 1048 834; x_wconf 86' lang='lat' dir='ltr'>Indoles</span> <span class='ocrx_word' id='word_1_47' title='bbox 1065 805 1176 833; x_wconf 87' lang='lat' dir='ltr'>vero</span> <span class='ocrx_word' id='word_1_48' title='bbox 1193 790 1511 846; x_wconf 84' lang='lat' dir='ltr'>reliquiarum,</span> 
     </span>
     <span class='ocr_line' id='line_1_9' title="bbox 225 860 1512 919; baseline -0.002 -15"><span class='ocrx_word' id='word_1_49' title='bbox 225 870 274 904; x_wconf 87' lang='lat' dir='ltr'>ut</span> <span class='ocrx_word' id='word_1_50' title='bbox 300 860 360 905; x_wconf 85' lang='lat' dir='ltr'>ad</span> <span class='ocrx_word' id='word_1_51' title='bbox 383 861 725 919; x_wconf 89' lang='lat' dir='ltr'>simplicitatem</span> <span class='ocrx_word' id='word_1_52' title='bbox 750 871 796 905; x_wconf 88' lang='lat' dir='ltr'>et</span> <span class='ocrx_word' id='word_1_53' title='bbox 815 863 1064 906; x_wconf 82' lang='lat' dir='ltr'>exilitatem</span> <span class='ocrx_word' id='word_1_54' title='bbox 1091 861 1512 918; x_wconf 86' lang='lat' dir='ltr'>antiquissimorum</span> 
     </span>
     <span class='ocr_line' id='line_1_10' title="bbox 225 932 1515 994; baseline -0.002 -18"><span class='ocrx_word' id='word_1_55' title='bbox 225 933 835 994; x_wconf 24' lang='lat' dir='ltr'>geograpliorumvproxime</span> <span class='ocrx_word' id='word_1_56' title='bbox 859 934 1054 991; x_wconf 82' lang='lat' dir='ltr'>accedit,</span> <span class='ocrx_word' id='word_1_57' title='bbox 1076 934 1138 976; x_wconf 87' lang='lat' dir='ltr'>sic</span> <span class='ocrx_word' id='word_1_58' title='bbox 1158 946 1347 990; x_wconf 85' lang='lat' dir='ltr'>prorsus</span> <span class='ocrx_word' id='word_1_59' title='bbox 1367 932 1515 974; x_wconf 89' lang='lat' dir='ltr'>aliena</span> 
     </span>
     <span class='ocr_line' id='line_1_11' title="bbox 226 1003 1511 1065; baseline -0.003 -17"><span class='ocrx_word' id='word_1_60' title='bbox 226 1020 318 1053; x_wconf 81' lang='lat' dir='ltr'>esse</span> <span class='ocrx_word' id='word_1_61' title='bbox 342 1005 528 1049; x_wconf 85' lang='lat' dir='ltr'>videtur</span> <span class='ocrx_word' id='word_1_62' title='bbox 555 1006 612 1051; x_wconf 86' lang='lat' dir='ltr'>ab</span> <span class='ocrx_word' id='word_1_63' title='bbox 642 1006 851 1050; x_wconf 85' lang='lat' dir='ltr'>ubertate</span> <span class='ocrx_word' id='word_1_64' title='bbox 881 1013 924 1049; x_wconf 89' lang='lat' dir='ltr'>et</span> <span class='ocrx_word' id='word_1_65' title='bbox 948 1006 1134 1065; x_wconf 86' lang='lat' dir='ltr'>ingenio</span> <span class='ocrx_word' id='word_1_66' title='bbox 1157 1003 1484 1062; x_wconf 85' lang='lat' dir='ltr'>philosophico</span> <span class='ocrx_word' id='word_1_67' title='bbox 1499 1036 1511 1057; x_wconf 82' lang='lat'>‚</span> 
     </span>
     <span class='ocr_line' id='line_1_12' title="bbox 227 1078 1151 1139; baseline 0 -17"><span class='ocrx_word' id='word_1_68' title='bbox 227 1093 328 1135; x_wconf 81' lang='lat' dir='ltr'>quae</span> <span class='ocrx_word' id='word_1_69' title='bbox 347 1087 505 1122; x_wconf 88' lang='lat' dir='ltr'>nostra</span> <span class='ocrx_word' id='word_1_70' title='bbox 529 1078 782 1139; x_wconf 86' lang='lat' dir='ltr'>fragmenta</span> <span class='ocrx_word' id='word_1_71' title='bbox 800 1094 895 1137; x_wconf 87' lang='lat' dir='ltr'>prae</span> <span class='ocrx_word' id='word_1_72' title='bbox 912 1093 958 1121; x_wconf 87' lang='lat' dir='ltr'>se</span> <span class='ocrx_word' id='word_1_73' title='bbox 983 1078 1151 1122; x_wconf 88' lang='lat' dir='ltr'>ferunt.</span> 
     </span>
    </p>

    <p class='ocr_par' dir='ltr' id='par_1_3' title="bbox 223 1146 1517 2217">
     <span class='ocr_line' id='line_1_13' title="bbox 293 1146 1513 1209; baseline -0.003 -15"><span class='ocrx_word' id='word_1_74' title='bbox 293 1151 422 1194; x_wconf 83' lang='lat' dir='ltr'>Alter</span> <span class='ocrx_word' id='word_1_75' title='bbox 445 1151 659 1209; x_wconf 85' lang='lat' dir='ltr'>scriptor,</span> <span class='ocrx_word' id='word_1_76' title='bbox 681 1152 753 1193; x_wconf 91' lang='lat' dir='ltr'>cui</span> <span class='ocrx_word' id='word_1_77' title='bbox 769 1150 1022 1209; x_wconf 84' lang='lat' dir='ltr'>fragmenta</span> <span class='ocrx_word' id='word_1_78' title='bbox 1044 1148 1270 1191; x_wconf 79' lang='lat' dir='ltr'>vindicari</span> <span class='ocrx_word' id='word_1_79' title='bbox 1288 1156 1332 1191; x_wconf 85' lang='lat' dir='ltr'>et</span> <span class='ocrx_word' id='word_1_80' title='bbox 1349 1146 1513 1203; x_wconf 82' lang='lat' dir='ltr'>majori</span> 
     </span>
     <span class='ocr_line' id='line_1_14' title="bbox 227 1222 1510 1282; baseline -0.002 -15"><span class='ocrx_word' id='word_1_81' title='bbox 227 1223 418 1282; x_wconf 82' lang='lat' dir='ltr'>quidem</span> <span class='ocrx_word' id='word_1_82' title='bbox 452 1239 556 1267; x_wconf 86' lang='lat' dir='ltr'>cum</span> <span class='ocrx_word' id='word_1_83' title='bbox 592 1225 687 1267; x_wconf 84' lang='lat' dir='ltr'>veri</span> <span class='ocrx_word' id='word_1_84' title='bbox 709 1224 859 1281; x_wconf 85' lang='lat' dir='ltr'>specie</span> <span class='ocrx_word' id='word_1_85' title='bbox 894 1230 1100 1280; x_wconf 77' lang='lat' dir='ltr'>possent,</span> <span class='ocrx_word' id='word_1_86' title='bbox 1132 1222 1399 1266; x_wconf 84' lang='lat' dir='ltr'>Heraclides</span> <span class='ocrx_word' id='word_1_87' title='bbox 1429 1229 1510 1264; x_wconf 88' lang='lat' dir='ltr'>est.</span> 
     </span>
     <span class='ocr_line' id='line_1_15' title="bbox 229 1294 1515 1355; baseline -0.006 -11"><span class='ocrx_word' id='word_1_88' title='bbox 229 1297 410 1344; x_wconf 80' lang='lat' dir='ltr'>Etenim</span> <span class='ocrx_word' id='word_1_89' title='bbox 425 1312 525 1355; x_wconf 87' lang='lat' dir='ltr'>quae</span> <span class='ocrx_word' id='word_1_90' title='bbox 543 1297 601 1339; x_wconf 88' lang='lat' dir='ltr'>de</span> <span class='ocrx_word' id='word_1_91' title='bbox 616 1297 770 1355; x_wconf 86' lang='lat' dir='ltr'>planta</span> <span class='ocrx_word' id='word_1_92' title='bbox 780 1295 978 1353; x_wconf 86' lang='lat' dir='ltr'>quadam</span> <span class='ocrx_word' id='word_1_93' title='bbox 991 1294 1102 1338; x_wconf 93' lang='lat' dir='ltr'>Pelii</span> <span class='ocrx_word' id='word_1_94' title='bbox 1118 1295 1286 1338; x_wconf 87' lang='lat' dir='ltr'>montis</span> <span class='ocrx_word' id='word_1_95' title='bbox 1298 1295 1515 1354; x_wconf 86' lang='lat' dir='ltr'>leguntur</span> 
     </span>
     <span class='ocr_line' id='line_1_16' title="bbox 229 1363 1515 1428; baseline 0 -19"><span class='ocrx_word' id='word_1_96' title='bbox 229 1369 273 1411; x_wconf 87' lang='lat' dir='ltr'>in</span> <span class='ocrx_word' id='word_1_97' title='bbox 306 1373 466 1428; x_wconf 75' lang='lat' dir='ltr'>fragm.</span> <span class='ocrx_word' id='word_1_98' title='bbox 509 1367 596 1426; x_wconf 75' lang='lat'>59,</span> <span class='ocrx_word' id='word_1_99' title='bbox 638 1368 661 1425; x_wconf 58' lang='grc' dir='ltr'>ξ</span> <span class='ocrx_word' id='word_1_100' title='bbox 701 1367 724 1409; x_wconf 80' lang='lat'><strong>5</strong></span> <span class='ocrx_word' id='word_1_101' title='bbox 769 1366 879 1427; x_wconf 72' lang='lat' dir='ltr'>(ubi</span> <span class='ocrx_word' id='word_1_102' title='bbox 911 1383 955 1413; x_wconf 76' lang='lat' dir='ltr'>v,</span> <span class='ocrx_word' id='word_1_103' title='bbox 990 1363 1144 1426; x_wconf 51' lang='grc' dir='ltr'>ηομ),</span> <span class='ocrx_word' id='word_1_104' title='bbox 1180 1366 1345 1410; x_wconf 89' lang='lat' dir='ltr'>eodem</span> <span class='ocrx_word' id='word_1_105' title='bbox 1380 1367 1515 1425; x_wconf 87' lang='lat' dir='ltr'>plane</span> 
     </span>
     <span class='ocr_line' id='line_1_17' title="bbox 228 1439 1517 1498; baseline -0.001 -16"><span class='ocrx_word' id='word_1_106' title='bbox 228 1440 370 1483; x_wconf 76' lang='lat' dir='ltr'>inodo</span> <span class='ocrx_word' id='word_1_107' title='bbox 397 1440 652 1498; x_wconf 77' lang='lat' dir='ltr'>iisdemque</span> <span class='ocrx_word' id='word_1_108' title='bbox 676 1454 803 1497; x_wconf 85' lang='lat' dir='ltr'>paene</span> <span class='ocrx_word' id='word_1_109' title='bbox 835 1439 989 1482; x_wconf 76' lang='lat' dir='ltr'>verbis</span> <span class='ocrx_word' id='word_1_110' title='bbox 1014 1440 1292 1498; x_wconf 87' lang='lat' dir='ltr'>Apollonius</span> <span class='ocrx_word' id='word_1_111' title='bbox 1330 1441 1398 1484; x_wconf 88' lang='lat' dir='ltr'>De</span> <span class='ocrx_word' id='word_1_112' title='bbox 1432 1440 1517 1482; x_wconf 90' lang='lat' dir='ltr'>mi-</span> 
     </span>
     <span class='ocr_line' id='line_1_18' title="bbox 226 1509 1516 1573; baseline 0 -19"><span class='ocrx_word' id='word_1_113' title='bbox 226 1513 325 1555; x_wconf 88' lang='lat' dir='ltr'>rab.</span> <span class='ocrx_word' id='word_1_114' title='bbox 354 1529 391 1556; x_wconf 89' lang='lat' dir='ltr'>c.</span> <span class='ocrx_word' id='word_1_115' title='bbox 419 1528 473 1571; x_wconf 78' lang='lat'>19</span> <span class='ocrx_word' id='word_1_116' title='bbox 487 1520 642 1555; x_wconf 78' lang='lat' dir='ltr'>narrat</span> <span class='ocrx_word' id='word_1_117' title='bbox 660 1526 715 1553; x_wconf 81' lang='lat' dir='ltr'>ex</span> <span class='ocrx_word' id='word_1_118' title='bbox 734 1509 980 1553; x_wconf 79' lang='lat' dir='ltr'>Heraclide</span> <span class='ocrx_word' id='word_1_119' title='bbox 1002 1511 1061 1571; x_wconf 82' lang='grc' dir='ltr'>τῷ</span> <span class='ocrx_word' id='word_1_120' title='bbox 1081 1510 1287 1573; x_wconf 82' lang='grc' dir='ltr'>Κρητικῷ</span> <span class='ocrx_word' id='word_1_121' title='bbox 1311 1510 1516 1573; x_wconf 81' lang='grc' dir='ltr'>(κριτικῷ</span> 
     </span>
     <span class='ocr_line' id='line_1_19' title="bbox 226 1575 1516 1645; baseline -0.002 -18"><span class='ocrx_word' id='word_1_122' title='bbox 226 1598 408 1628; x_wconf 81' lang='lat' dir='ltr'>correx.</span> <span class='ocrx_word' id='word_1_123' title='bbox 435 1586 519 1626; x_wconf 79' lang='lat' dir='ltr'>viri</span> <span class='ocrx_word' id='word_1_124' title='bbox 547 1582 701 1642; x_wconf 85' lang='lat' dir='ltr'>docti)</span> <span class='ocrx_word' id='word_1_125' title='bbox 727 1582 767 1625; x_wconf 81' lang='grc' dir='ltr'>ἐν</span> <span class='ocrx_word' id='word_1_126' title='bbox 786 1575 845 1644; x_wconf 75' lang='grc' dir='ltr'>τῷ</span> <span class='ocrx_word' id='word_1_127' title='bbox 872 1579 1004 1643; x_wconf 75' lang='grc' dir='ltr'>Περὶ</span> <span class='ocrx_word' id='word_1_128' title='bbox 1024 1583 1123 1627; x_wconf 78' lang='grc' dir='ltr'>τῶν</span> <span class='ocrx_word' id='word_1_129' title='bbox 1149 1580 1516 1645; x_wconf 69' lang='grc' dir='ltr'>ἐντῇἹΞλλοίδι</span> 
     </span>
     <span class='ocr_line' id='line_1_20' title="bbox 226 1653 1517 1713; baseline 0 -15"><span class='ocrx_word' id='word_1_130' title='bbox 226 1653 396 1700; x_wconf 80' lang='grc' dir='ltr'>πολέω</span> <span class='ocrx_word' id='word_1_131' title='bbox 406 1674 444 1699; x_wconf 83' lang='grc' dir='ltr'>ν.</span> <span class='ocrx_word' id='word_1_132' title='bbox 473 1657 560 1712; x_wconf 89' lang='lat' dir='ltr'>Qui</span> <span class='ocrx_word' id='word_1_133' title='bbox 585 1654 773 1713; x_wconf 89' lang='lat' dir='ltr'>quidem</span> <span class='ocrx_word' id='word_1_134' title='bbox 796 1654 954 1698; x_wconf 87' lang='lat' dir='ltr'>titulus</span> <span class='ocrx_word' id='word_1_135' title='bbox 972 1670 1065 1713; x_wconf 86' lang='lat' dir='ltr'>quo</span> <span class='ocrx_word' id='word_1_136' title='bbox 1084 1656 1280 1700; x_wconf 85' lang='lat' dir='ltr'>alienior</span> <span class='ocrx_word' id='word_1_137' title='bbox 1299 1671 1323 1699; x_wconf 88' lang='lat' dir='ltr'>a</span> <span class='ocrx_word' id='word_1_138' title='bbox 1342 1670 1392 1699; x_wconf 80' lang='lat' dir='ltr'>re</span> <span class='ocrx_word' id='word_1_139' title='bbox 1416 1671 1517 1699; x_wconf 81' lang='lat' dir='ltr'>nar·</span> 
     </span>
     <span class='ocr_line' id='line_1_21' title="bbox 226 1726 1512 1788; baseline 0 -17"><span class='ocrx_word' id='word_1_140' title='bbox 226 1738 320 1772; x_wconf 80' lang='lat' dir='ltr'>rata</span> <span class='ocrx_word' id='word_1_141' title='bbox 346 1744 437 1771; x_wconf 84' lang='lat' dir='ltr'>esse</span> <span class='ocrx_word' id='word_1_142' title='bbox 461 1728 660 1780; x_wconf 73' lang='lat' dir='ltr'>videtur,</span> <span class='ocrx_word' id='word_1_143' title='bbox 682 1742 736 1770; x_wconf 90' lang='lat' dir='ltr'>eo</span> <span class='ocrx_word' id='word_1_144' title='bbox 754 1727 917 1770; x_wconf 89' lang='lat' dir='ltr'>melius</span> <span class='ocrx_word' id='word_1_145' title='bbox 940 1728 989 1770; x_wconf 93' lang='lat' dir='ltr'>in</span> <span class='ocrx_word' id='word_1_146' title='bbox 1009 1726 1127 1771; x_wconf 79' lang='lat' dir='ltr'>irtud</span> <span class='ocrx_word' id='word_1_147' title='bbox 1151 1729 1349 1788; x_wconf 83' lang='lat' dir='ltr'>quadrat</span> <span class='ocrx_word' id='word_1_148' title='bbox 1375 1743 1512 1787; x_wconf 88' lang='lat' dir='ltr'>opus,</span> 
     </span>
     <span class='ocr_line' id='line_1_22' title="bbox 226 1798 1515 1859; baseline 0 -16"><span class='ocrx_word' id='word_1_149' title='bbox 226 1817 281 1843; x_wconf 83' lang='lat' dir='ltr'>ex</span> <span class='ocrx_word' id='word_1_150' title='bbox 300 1815 393 1858; x_wconf 85' lang='lat' dir='ltr'>quo</span> <span class='ocrx_word' id='word_1_151' title='bbox 420 1810 626 1842; x_wconf 78' lang='lat' dir='ltr'>nostrum</span> <span class='ocrx_word' id='word_1_152' title='bbox 646 1799 703 1842; x_wconf 89' lang='lat' dir='ltr'>de</span> <span class='ocrx_word' id='word_1_153' title='bbox 727 1799 855 1842; x_wconf 88' lang='lat' dir='ltr'>Pelio</span> <span class='ocrx_word' id='word_1_154' title='bbox 880 1798 1189 1858; x_wconf 75' lang='lat' dir='ltr'>fragmentum</span> <span class='ocrx_word' id='word_1_155' title='bbox 1217 1800 1515 1859; x_wconf 83' lang='lat' dir='ltr'>desumptum</span> 
     </span>
     <span class='ocr_line' id='line_1_23' title="bbox 226 1871 1517 1933; baseline 0.002 -19"><span class='ocrx_word' id='word_1_156' title='bbox 226 1882 304 1917; x_wconf 77' lang='lat' dir='ltr'>cst.</span> <span class='ocrx_word' id='word_1_157' title='bbox 333 1872 421 1915; x_wconf 83' lang='lat' dir='ltr'>Sed</span> <span class='ocrx_word' id='word_1_158' title='bbox 444 1872 649 1928; x_wconf 85' lang='lat' dir='ltr'>quisnam</span> <span class='ocrx_word' id='word_1_159' title='bbox 673 1879 736 1914; x_wconf 87' lang='lat' dir='ltr'>est</span> <span class='ocrx_word' id='word_1_160' title='bbox 754 1872 830 1913; x_wconf 92' lang='lat' dir='ltr'>ille</span> <span class='ocrx_word' id='word_1_161' title='bbox 847 1871 1071 1915; x_wconf 78' lang='lat' dir='ltr'>Criticus?</span> <span class='ocrx_word' id='word_1_162' title='bbox 1088 1873 1134 1916; x_wconf 92' lang='lat' dir='ltr'>Si</span> <span class='ocrx_word' id='word_1_163' title='bbox 1149 1872 1517 1933; x_wconf 77' lang='lat' dir='ltr'>fragmentorum</span> 
     </span>
     <span class='ocr_line' id='line_1_24' title="bbox 226 1935 1517 2002; baseline 0.004 -18"><span class='ocrx_word' id='word_1_164' title='bbox 226 1952 491 1987; x_wconf 81' lang='lat' dir='ltr'>nostrorum</span> <span class='ocrx_word' id='word_1_165' title='bbox 517 1951 680 1986; x_wconf 82' lang='lat' dir='ltr'>auctor</span> <span class='ocrx_word' id='word_1_166' title='bbox 714 1942 799 1985; x_wconf 87' lang='lat' dir='ltr'>fuit</span> <span class='ocrx_word' id='word_1_167' title='bbox 818 1976 829 1993; x_wconf 86' lang='lat'>‚</span> <span class='ocrx_word' id='word_1_168' title='bbox 850 1957 949 1986; x_wconf 89' lang='lat' dir='ltr'>non</span> <span class='ocrx_word' id='word_1_169' title='bbox 967 1935 1121 2002; x_wconf 75' lang='lat' dir='ltr'>potest</span> <span class='ocrx_word' id='word_1_170' title='bbox 1137 1960 1230 1988; x_wconf 88' lang='lat' dir='ltr'>esse</span> <span class='ocrx_word' id='word_1_171' title='bbox 1247 1945 1517 1989; x_wconf 82' lang='lat' dir='ltr'>Heraclides</span> 
     </span>
     <span class='ocr_line' id='line_1_25' title="bbox 229 2015 1517 2077; baseline 0.002 -19"><span class='ocrx_word' id='word_1_172' title='bbox 229 2017 463 2063; x_wconf 76' lang='lat' dir='ltr'>Ponticus,</span> <span class='ocrx_word' id='word_1_173' title='bbox 504 2031 641 2073; x_wconf 82' lang='lat' dir='ltr'>quem</span> <span class='ocrx_word' id='word_1_174' title='bbox 684 2015 960 2060; x_wconf 75' lang='lat' dir='ltr'>Welckerus</span> <span class='ocrx_word' id='word_1_175' title='bbox 991 2015 1188 2077; x_wconf 83' lang='lat' dir='ltr'>intelligi</span> <span class='ocrx_word' id='word_1_176' title='bbox 1222 2018 1385 2061; x_wconf 81' lang='lat' dir='ltr'>voluit.</span> <span class='ocrx_word' id='word_1_177' title='bbox 1421 2019 1517 2060; x_wconf 89' lang='lat' dir='ltr'>Re-</span> 
     </span>
     <span class='ocr_line' id='line_1_26' title="bbox 223 2088 1515 2147; baseline 0.002 -17"><span class='ocrx_word' id='word_1_178' title='bbox 223 2088 519 2147; x_wconf 79' lang='lat' dir='ltr'>sragarcntur·</span> <span class='ocrx_word' id='word_1_179' title='bbox 548 2089 669 2130; x_wconf 83' lang='lat' dir='ltr'>enim</span> <span class='ocrx_word' id='word_1_180' title='bbox 707 2095 936 2146; x_wconf 83' lang='lat' dir='ltr'>tempora,</span> <span class='ocrx_word' id='word_1_181' title='bbox 964 2104 1109 2147; x_wconf 89' lang='lat' dir='ltr'>quum</span> <span class='ocrx_word' id='word_1_182' title='bbox 1139 2091 1312 2133; x_wconf 86' lang='lat' dir='ltr'>natales</span> <span class='ocrx_word' id='word_1_183' title='bbox 1334 2091 1515 2133; x_wconf 87' lang='lat' dir='ltr'>Pontici</span> 
     </span>
     <span class='ocr_line' id='line_1_27' title="bbox 227 2159 1515 2217; baseline 0.002 -15"><span class='ocrx_word' id='word_1_184' title='bbox 227 2161 468 2203; x_wconf 88' lang='lat' dir='ltr'>minimum</span> <span class='ocrx_word' id='word_1_185' title='bbox 495 2161 552 2203; x_wconf 89' lang='lat' dir='ltr'>ad</span> <span class='ocrx_word' id='word_1_186' title='bbox 574 2161 647 2204; x_wconf 74' lang='lat' dir='ltr'>Ol&#39;.</span> <span class='ocrx_word' id='word_1_187' title='bbox 671 2176 782 2204; x_wconf 37' lang='lat' dir='ltr'>root</span> <span class='ocrx_word' id='word_1_188' title='bbox 802 2159 894 2217; x_wconf 80' lang='lat'>378</span> <span class='ocrx_word' id='word_1_189' title='bbox 911 2161 1166 2205; x_wconf 78' lang='lat' dir='ltr'>referendae</span> <span class='ocrx_word' id='word_1_190' title='bbox 1177 2163 1281 2208; x_wconf 87' lang='lat' dir='ltr'>sint.</span> <span class='ocrx_word' id='word_1_191' title='bbox 1303 2163 1515 2208; x_wconf 80' lang='lat' dir='ltr'>Aliorum</span> 
     </span>
    </p>
   </div>
   <div class='ocr_carea' id='block_1_3' title="bbox 224 2232 1531 2292">
    <p class='ocr_par' dir='ltr' id='par_1_4' title="bbox 224 2232 1531 2292">
     <span class='ocr_line' id='line_1_28' title="bbox 224 2232 1531 2292; baseline 0.002 -17"><span class='ocrx_word' id='word_1_192' title='bbox 224 2232 464 2290; x_wconf 83' lang='lat' dir='ltr'>opiniones</span> <span class='ocrx_word' id='word_1_193' title='bbox 488 2248 625 2291; x_wconf 83' lang='lat' dir='ltr'>supra</span> <span class='ocrx_word' id='word_1_194' title='bbox 648 2234 695 2276; x_wconf 89' lang='lat' dir='ltr'>in</span> <span class='ocrx_word' id='word_1_195' title='bbox 719 2233 990 2292; x_wconf 77' lang='lat' dir='ltr'>praefatione</span> <span class='ocrx_word' id='word_1_196' title='bbox 1011 2234 1070 2278; x_wconf 88' lang='lat' dir='ltr'>ad</span> <span class='ocrx_word' id='word_1_197' title='bbox 1093 2235 1282 2279; x_wconf 89' lang='lat' dir='ltr'>Politias</span> <span class='ocrx_word' id='word_1_198' title='bbox 1305 2236 1531 2280; x_wconf 69' lang='lat' dir='ltr'>Heracli·v</span> 
     </span>
    </p>
   </div>
   <div class='ocr_carea' id='block_1_4' title="bbox 223 2303 1516 2375">
    <p class='ocr_par' dir='ltr' id='par_1_5' title="bbox 223 2303 1516 2375">
     <span class='ocr_line' id='line_1_29' title="bbox 223 2303 1516 2375; baseline 0.004 -28"><span class='ocrx_word' id='word_1_199' title='bbox 223 2305 291 2348; x_wconf 86' lang='lat' dir='ltr'>dis</span> <span class='ocrx_word' id='word_1_200' title='bbox 318 2307 540 2348; x_wconf 85' lang='lat' dir='ltr'>recensui.</span> <span class='ocrx_word' id='word_1_201' title='bbox 567 2306 794 2364; x_wconf 87' lang='lat' dir='ltr'>Equidem</span> <span class='ocrx_word' id='word_1_202' title='bbox 822 2303 970 2349; x_wconf 78' lang='lat' dir='ltr'>fateor</span> <span class='ocrx_word' id='word_1_203' title='bbox 995 2322 1069 2350; x_wconf 88' lang='lat' dir='ltr'>me</span> <span class='ocrx_word' id='word_1_204' title='bbox 1095 2322 1190 2375; x_wconf 70' lang='lat' dir='ltr'>pon</span> <span class='ocrx_word' id='word_1_205' title='bbox 1213 2323 1346 2352; x_wconf 89' lang='lat' dir='ltr'>nosse</span> <span class='ocrx_word' id='word_1_206' title='bbox 1369 2306 1516 2352; x_wconf 83' lang='lat' dir='ltr'>Hera-</span> 
     </span>
    </p>
   </div>
   <div class='ocr_carea' id='block_1_5' title="bbox 223 2376 1547 2439">
    <p class='ocr_par' dir='ltr' id='par_1_6' title="bbox 223 2376 1547 2439">
     <span class='ocr_line' id='line_1_30' title="bbox 223 2376 1547 2439; baseline 0.007 -22"><span class='ocrx_word' id='word_1_207' title='bbox 223 2376 415 2430; x_wconf 81' lang='lat' dir='ltr'>clidem,</span> <span class='ocrx_word' id='word_1_208' title='bbox 441 2379 511 2420; x_wconf 89' lang='lat' dir='ltr'>cui</span> <span class='ocrx_word' id='word_1_209' title='bbox 549 2380 740 2439; x_wconf 76' lang='grc' dir='ltr'>κριτικοῦ</span> <span class='ocrx_word' id='word_1_210' title='bbox 766 2378 926 2421; x_wconf 88' lang='lat' dir='ltr'>titulus</span> <span class='ocrx_word' id='word_1_211' title='bbox 948 2380 1216 2435; x_wconf 83' lang='lat' dir='ltr'>conveniat3</span> <span class='ocrx_word' id='word_1_212' title='bbox 1245 2381 1294 2423; x_wconf 90' lang='lat' dir='ltr'>in</span> <span class='ocrx_word' id='word_1_213' title='bbox 1313 2389 1515 2425; x_wconf 87' lang='lat' dir='ltr'>mentem</span> <span class='ocrx_word' id='word_1_214' title='bbox 1542 2385 1547 2390; x_wconf 83' lang='grc'><em>’</em></span> 
     </span>
    </p>
   </div>
   <div class='ocr_carea' id='block_1_6' title="bbox 224 2448 1516 2945">
    <p class='ocr_par' dir='ltr' id='par_1_7' title="bbox 224 2448 1516 2945">
     <span class='ocr_line' id='line_1_31' title="bbox 224 2448 1515 2511; baseline 0.005 -21"><span class='ocrx_word' id='word_1_215' title='bbox 224 2457 372 2490; x_wconf 84' lang='lat' dir='ltr'>autem</span> <span class='ocrx_word' id='word_1_216' title='bbox 426 2448 550 2491; x_wconf 77' lang='lat' dir='ltr'>venit</span> <span class='ocrx_word' id='word_1_217' title='bbox 588 2449 866 2508; x_wconf 87' lang='lat' dir='ltr'>Megaclides</span> <span class='ocrx_word' id='word_1_218' title='bbox 907 2451 1263 2509; x_wconf 81' lang='lat' dir='ltr'>peripateticus,</span> <span class='ocrx_word' id='word_1_219' title='bbox 1316 2454 1396 2511; x_wconf 92' lang='lat' dir='ltr'>qui</span> <span class='ocrx_word' id='word_1_220' title='bbox 1446 2455 1515 2498; x_wconf 89' lang='lat' dir='ltr'>De</span> 
     </span>
     <span class='ocr_line' id='line_1_32' title="bbox 228 2518 1515 2583; baseline 0.006 -22"><span class='ocrx_word' id='word_1_221' title='bbox 228 2518 429 2563; x_wconf 84' lang='lat' dir='ltr'>Homero</span> <span class='ocrx_word' id='word_1_222' title='bbox 474 2520 662 2578; x_wconf 75' lang='lat' dir='ltr'>ejusque</span> <span class='ocrx_word' id='word_1_223' title='bbox 718 2522 999 2566; x_wconf 85' lang='lat' dir='ltr'>carminibus</span> <span class='ocrx_word' id='word_1_224' title='bbox 1032 2524 1236 2582; x_wconf 88' lang='lat' dir='ltr'>scripsit,</span> <span class='ocrx_word' id='word_1_225' title='bbox 1280 2525 1328 2567; x_wconf 92' lang='lat' dir='ltr'>in</span> <span class='ocrx_word' id='word_1_226' title='bbox 1363 2539 1515 2583; x_wconf 88' lang='lat' dir='ltr'>eoque</span> 
     </span>
     <span class='ocr_line' id='line_1_33' title="bbox 226 2592 1514 2654; baseline 0.006 -21"><span class='ocrx_word' id='word_1_227' title='bbox 226 2606 366 2650; x_wconf 84' lang='lat' dir='ltr'>opere</span> <span class='ocrx_word' id='word_1_228' title='bbox 388 2601 432 2634; x_wconf 88' lang='lat' dir='ltr'>et</span> <span class='ocrx_word' id='word_1_229' title='bbox 451 2592 507 2635; x_wconf 85' lang='lat' dir='ltr'>de</span> <span class='ocrx_word' id='word_1_230' title='bbox 531 2593 740 2636; x_wconf 85' lang='lat' dir='ltr'>moribus</span> <span class='ocrx_word' id='word_1_231' title='bbox 758 2603 801 2637; x_wconf 86' lang='lat' dir='ltr'>et</span> <span class='ocrx_word' id='word_1_232' title='bbox 821 2594 979 2649; x_wconf 83' lang='lat' dir='ltr'>indole</span> <span class='ocrx_word' id='word_1_233' title='bbox 1003 2610 1309 2654; x_wconf 85' lang='lat' dir='ltr'>personarum</span> <span class='ocrx_word' id='word_1_234' title='bbox 1332 2599 1514 2641; x_wconf 78' lang='lat' dir='ltr'>Home—</span> 
     </span>
     <span class='ocr_line' id='line_1_34' title="bbox 225 2664 1514 2727; baseline 0.006 -22"><span class='ocrx_word' id='word_1_235' title='bbox 225 2664 423 2706; x_wconf 80' lang='lat' dir='ltr'>ricarum</span> <span class='ocrx_word' id='word_1_236' title='bbox 462 2665 605 2708; x_wconf 81' lang='lat' dir='ltr'>multa</span> <span class='ocrx_word' id='word_1_237' title='bbox 644 2665 904 2710; x_wconf 88' lang='lat' dir='ltr'>disseruisse</span> <span class='ocrx_word' id='word_1_238' title='bbox 944 2665 1133 2712; x_wconf 88' lang='lat' dir='ltr'>videtur</span> <span class='ocrx_word' id='word_1_239' title='bbox 1174 2667 1247 2727; x_wconf 51' lang='grc' dir='ltr'>(ἢ.</span> <span class='ocrx_word' id='word_1_240' title='bbox 1294 2669 1514 2713; x_wconf 87' lang='lat' dir='ltr'>Confusio</span> 
     </span>
     <span class='ocr_line' id='line_1_35' title="bbox 225 2736 1514 2798; baseline 0.009 -23"><span class='ocrx_word' id='word_1_241' title='bbox 225 2750 336 2778; x_wconf 78' lang='lat' dir='ltr'>vero</span> <span class='ocrx_word' id='word_1_242' title='bbox 369 2736 607 2779; x_wconf 84' lang='lat' dir='ltr'>nominum</span> <span class='ocrx_word' id='word_1_243' title='bbox 643 2739 907 2798; x_wconf 87' lang='lat' dir='ltr'>Megaclidis</span> <span class='ocrx_word' id='word_1_244' title='bbox 940 2749 984 2784; x_wconf 91' lang='lat' dir='ltr'>et</span> <span class='ocrx_word' id='word_1_245' title='bbox 1014 2741 1272 2785; x_wconf 85' lang='lat' dir='ltr'>Heraclidis</span> <span class='ocrx_word' id='word_1_246' title='bbox 1301 2741 1514 2787; x_wconf 87' lang='lat' dir='ltr'>facillima</span> 
     </span>
     <span class='ocr_line' id='line_1_36' title="bbox 226 2808 1516 2870; baseline 0.009 -23"><span class='ocrx_word' id='word_1_247' title='bbox 226 2815 339 2851; x_wconf 69' lang='lat' dir='ltr'>crat.</span> <span class='ocrx_word' id='word_1_248' title='bbox 378 2808 589 2851; x_wconf 88' lang='lat' dir='ltr'>Ceterum</span> <span class='ocrx_word' id='word_1_249' title='bbox 634 2811 871 2870; x_wconf 78' lang='lat' dir='ltr'>Megacles</span> <span class='ocrx_word' id='word_1_250' title='bbox 901 2828 1074 2856; x_wconf 89' lang='lat' dir='ltr'>nomen</span> <span class='ocrx_word' id='word_1_251' title='bbox 1099 2814 1304 2857; x_wconf 84' lang='lat' dir='ltr'>Atticum</span> <span class='ocrx_word' id='word_1_252' title='bbox 1336 2823 1423 2869; x_wconf 80' lang='lat' dir='ltr'>est,</span> <span class='ocrx_word' id='word_1_253' title='bbox 1446 2816 1516 2858; x_wconf 90' lang='lat' dir='ltr'>uti</span> 
     </span>
     <span class='ocr_line' id='line_1_37' title="bbox 227 2880 1514 2945; baseline 0.007 -24"><span class='ocrx_word' id='word_1_254' title='bbox 227 2888 428 2932; x_wconf 79' lang='lat' dir='ltr'>constat3</span> <span class='ocrx_word' id='word_1_255' title='bbox 458 2880 620 2923; x_wconf 86' lang='lat' dir='ltr'>eodem</span> <span class='ocrx_word' id='word_1_256' title='bbox 644 2882 762 2926; x_wconf 88' lang='lat' dir='ltr'>redit</span> <span class='ocrx_word' id='word_1_257' title='bbox 783 2883 930 2927; x_wconf 85' lang='lat' dir='ltr'>forma</span> <span class='ocrx_word' id='word_1_258' title='bbox 946 2887 1266 2945; x_wconf 85' lang='lat' dir='ltr'>patronymica</span> <span class='ocrx_word' id='word_1_259' title='bbox 1283 2887 1514 2943; x_wconf 71' lang='lat' dir='ltr'>Megacli-</span> 
     </span>
    </p>
   </div>
   <div class='ocr_carea' id='block_1_7' title="bbox 225 3046 1517 4088">
    <p class='ocr_par' dir='ltr' id='par_1_8' title="bbox 225 3046 1517 4026">
     <span class='ocr_line' id='line_1_38' title="bbox 284 3046 1514 3106; baseline 0.015 -24"><span class='ocrx_word' id='word_1_260' title='bbox 284 3048 336 3093; x_wconf 59' lang='grc' dir='ltr'>(Ἴ</span> <span class='ocrx_word' id='word_1_261' title='bbox 355 3046 556 3085; x_wconf 78' lang='lat' dir='ltr'>Laudatur</span> <span class='ocrx_word' id='word_1_262' title='bbox 584 3050 840 3098; x_wconf 73' lang='grc' dir='ltr'>Μεγακλείδης</span> <span class='ocrx_word' id='word_1_263' title='bbox 859 3054 895 3092; x_wconf 82' lang='grc' dir='ltr'>ἐν</span> <span class='ocrx_word' id='word_1_264' title='bbox 913 3060 989 3100; x_wconf 75' lang='grc' dir='ltr'>τοῖς</span> <span class='ocrx_word' id='word_1_265' title='bbox 1009 3056 1094 3106; x_wconf 85' lang='grc' dir='ltr'>περὶ</span> <span class='ocrx_word' id='word_1_266' title='bbox 1111 3055 1285 3106; x_wconf 77' lang='grc' dir='ltr'>Ὁμήρου</span> <span class='ocrx_word' id='word_1_267' title='bbox 1304 3067 1367 3106; x_wconf 77' lang='lat' dir='ltr'>ap.</span> <span class='ocrx_word' id='word_1_268' title='bbox 1393 3057 1514 3096; x_wconf 76' lang='lat' dir='ltr'>schol-</span> 
     </span>
     <span class='ocr_line' id='line_1_39' title="bbox 228 3102 1514 3162; baseline 0.013 -24"><span class='ocrx_word' id='word_1_269' title='bbox 228 3103 345 3140; x_wconf 82' lang='lat' dir='ltr'>Hom.</span> <span class='ocrx_word' id='word_1_270' title='bbox 367 3102 413 3140; x_wconf 87' lang='grc'>11,</span> <span class='ocrx_word' id='word_1_271' title='bbox 432 3115 483 3151; x_wconf 83' lang='grc' dir='ltr'>π,</span> <span class='ocrx_word' id='word_1_272' title='bbox 517 3107 605 3153; x_wconf 73' lang='grc'><strong>140;</strong></span> <span class='ocrx_word' id='word_1_273' title='bbox 629 3108 803 3147; x_wconf 73' lang='lat' dir='ltr'>Eustath.</span> <span class='ocrx_word' id='word_1_274' title='bbox 832 3110 870 3149; x_wconf 89' lang='lat' dir='ltr'>in</span> <span class='ocrx_word' id='word_1_275' title='bbox 892 3113 937 3150; x_wconf 81' lang='lat' dir='ltr'>ll.</span> <span class='ocrx_word' id='word_1_276' title='bbox 960 3126 1008 3160; x_wconf 88' lang='grc' dir='ltr'>α,</span> <span class='ocrx_word' id='word_1_277' title='bbox 1030 3124 1068 3162; x_wconf 87' lang='lat' dir='ltr'>p.</span> <span class='ocrx_word' id='word_1_278' title='bbox 1094 3115 1164 3162; x_wconf 83' lang='lat' dir='ltr'>s4;</span> <span class='ocrx_word' id='word_1_279' title='bbox 1190 3113 1331 3153; x_wconf 81' lang='lat' dir='ltr'>suidas</span> <span class='ocrx_word' id='word_1_280' title='bbox 1346 3125 1384 3152; x_wconf 84' lang='lat' dir='ltr'>v.</span> <span class='ocrx_word' id='word_1_281' title='bbox 1408 3115 1514 3162; x_wconf 79' lang='grc' dir='ltr'>Ἀθη-</span> 
     </span>
     <span class='ocr_line' id='line_1_40' title="bbox 227 3159 1516 3219; baseline 0.014 -24"><span class='ocrx_word' id='word_1_282' title='bbox 227 3159 358 3206; x_wconf 79' lang='grc' dir='ltr'>ναίας;</span> <span class='ocrx_word' id='word_1_283' title='bbox 379 3161 546 3209; x_wconf 86' lang='lat' dir='ltr'>Hesych.</span> <span class='ocrx_word' id='word_1_284' title='bbox 581 3174 618 3201; x_wconf 90' lang='lat' dir='ltr'>v.</span> <span class='ocrx_word' id='word_1_285' title='bbox 647 3165 794 3211; x_wconf 81' lang='grc' dir='ltr'>Ἀθηνᾶ.</span> <span class='ocrx_word' id='word_1_286' title='bbox 827 3170 976 3219; x_wconf 77' lang='lat' dir='ltr'>Saepius</span> <span class='ocrx_word' id='word_1_287' title='bbox 1002 3171 1043 3209; x_wconf 90' lang='lat' dir='ltr'>in</span> <span class='ocrx_word' id='word_1_288' title='bbox 1075 3172 1199 3211; x_wconf 87' lang='lat' dir='ltr'>schol.</span> <span class='ocrx_word' id='word_1_289' title='bbox 1228 3174 1345 3211; x_wconf 86' lang='lat' dir='ltr'>Hom.</span> <span class='ocrx_word' id='word_1_290' title='bbox 1371 3172 1516 3213; x_wconf 81' lang='lat' dir='ltr'>citatur</span> 
     </span>
     <span class='ocr_line' id='line_1_41' title="bbox 226 3216 1516 3280; baseline 0.015 -27"><span class='ocrx_word' id='word_1_291' title='bbox 226 3216 377 3266; x_wconf 72' lang='lat' dir='ltr'>absque</span> <span class='ocrx_word' id='word_1_292' title='bbox 415 3220 615 3260; x_wconf 78' lang='lat' dir='ltr'>mentione</span> <span class='ocrx_word' id='word_1_293' title='bbox 658 3225 798 3272; x_wconf 84' lang='lat' dir='ltr'>operis.</span> <span class='ocrx_word' id='word_1_294' title='bbox 850 3228 1002 3278; x_wconf 81' lang='lat' dir='ltr'>Insigne</span> <span class='ocrx_word' id='word_1_295' title='bbox 1040 3230 1304 3280; x_wconf 78' lang='lat' dir='ltr'>fragmentum</span> <span class='ocrx_word' id='word_1_296' title='bbox 1345 3233 1516 3272; x_wconf 83' lang='lat' dir='ltr'>servavit</span> 
     </span>
     <span class='ocr_line' id='line_1_42' title="bbox 229 3273 1517 3340; baseline 0.015 -28"><span class='ocrx_word' id='word_1_297' title='bbox 229 3273 441 3314; x_wconf 74' lang='lat' dir='ltr'>Athenaeus</span> <span class='ocrx_word' id='word_1_298' title='bbox 454 3279 523 3315; x_wconf 83' lang='grc' dir='ltr'>ΧΗ</span> <span class='ocrx_word' id='word_1_299' title='bbox 538 3308 548 3326; x_wconf 91' lang='grc'><strong>,</strong></span> <span class='ocrx_word' id='word_1_300' title='bbox 566 3288 605 3327; x_wconf 86' lang='lat' dir='ltr'>p.</span> <span class='ocrx_word' id='word_1_301' title='bbox 631 3284 718 3328; x_wconf 83' lang='lat'>512,</span> <span class='ocrx_word' id='word_1_302' title='bbox 741 3284 783 3330; x_wconf 86' lang='lat' dir='ltr'>E,</span> <span class='ocrx_word' id='word_1_303' title='bbox 799 3283 846 3322; x_wconf 88' lang='lat' dir='ltr'>de</span> <span class='ocrx_word' id='word_1_304' title='bbox 863 3286 1015 3325; x_wconf 83' lang='lat' dir='ltr'>ratione</span> <span class='ocrx_word' id='word_1_305' title='bbox 1028 3298 1107 3337; x_wconf 84' lang='lat' dir='ltr'>qua</span> <span class='ocrx_word' id='word_1_306' title='bbox 1126 3288 1306 3328; x_wconf 81' lang='lat' dir='ltr'>Herculis</span> <span class='ocrx_word' id='word_1_307' title='bbox 1322 3292 1361 3329; x_wconf 90' lang='lat' dir='ltr'>et</span> <span class='ocrx_word' id='word_1_308' title='bbox 1379 3291 1517 3340; x_wconf 87' lang='lat' dir='ltr'>Ulyxis</span> 
     </span>
     <span class='ocr_line' id='line_1_43' title="bbox 226 3334 1514 3397; baseline 0.016 -28"><span class='ocrx_word' id='word_1_309' title='bbox 226 3341 358 3379; x_wconf 75' lang='lat' dir='ltr'>mores</span> <span class='ocrx_word' id='word_1_310' title='bbox 374 3335 413 3370; x_wconf 86' lang='lat' dir='ltr'>et</span> <span class='ocrx_word' id='word_1_311' title='bbox 429 3334 602 3375; x_wconf 82' lang='lat' dir='ltr'>indolem</span> <span class='ocrx_word' id='word_1_312' title='bbox 630 3341 756 3386; x_wconf 76' lang='lat' dir='ltr'>poetae</span> <span class='ocrx_word' id='word_1_313' title='bbox 775 3341 1083 3384; x_wconf 68' lang='lat' dir='ltr'>effiirmaverint.</span> <span class='ocrx_word' id='word_1_314' title='bbox 1108 3345 1286 3396; x_wconf 85' lang='lat' dir='ltr'>Denique</span> <span class='ocrx_word' id='word_1_315' title='bbox 1303 3349 1410 3397; x_wconf 84' lang='lat' dir='ltr'>apud</span> <span class='ocrx_word' id='word_1_316' title='bbox 1436 3352 1514 3389; x_wconf 84' lang='lat' dir='ltr'>Ta-</span> 
     </span>
     <span class='ocr_line' id='line_1_44' title="bbox 228 3389 1515 3456; baseline 0.016 -30"><span class='ocrx_word' id='word_1_317' title='bbox 228 3389 380 3428; x_wconf 83' lang='lat' dir='ltr'>tianum</span> <span class='ocrx_word' id='word_1_318' title='bbox 403 3391 441 3428; x_wconf 84' lang='lat' dir='ltr'>in</span> <span class='ocrx_word' id='word_1_319' title='bbox 461 3395 529 3429; x_wconf 83' lang='lat' dir='ltr'>Or.</span> <span class='ocrx_word' id='word_1_320' title='bbox 546 3403 580 3431; x_wconf 89' lang='lat' dir='ltr'>c.</span> <span class='ocrx_word' id='word_1_321' title='bbox 603 3398 709 3442; x_wconf 85' lang='lat' dir='ltr'>gent.</span> <span class='ocrx_word' id='word_1_322' title='bbox 726 3407 759 3434; x_wconf 88' lang='lat' dir='ltr'>c.</span> <span class='ocrx_word' id='word_1_323' title='bbox 777 3400 823 3435; x_wconf 78' lang='lat'>48</span> <span class='ocrx_word' id='word_1_324' title='bbox 840 3410 917 3438; x_wconf 88' lang='lat' dir='ltr'>una</span> <span class='ocrx_word' id='word_1_325' title='bbox 934 3412 1025 3441; x_wconf 90' lang='lat' dir='ltr'>cum</span> <span class='ocrx_word' id='word_1_326' title='bbox 1042 3403 1337 3445; x_wconf 73' lang='lat' dir='ltr'>Chamaeleonte</span> <span class='ocrx_word' id='word_1_327' title='bbox 1352 3406 1515 3456; x_wconf 76' lang='lat' dir='ltr'>aliisque</span> 
     </span>
     <span class='ocr_line' id='line_1_45' title="bbox 232 3447 1516 3513; baseline 0.019 -31"><span class='ocrx_word' id='word_1_328' title='bbox 232 3447 468 3495; x_wconf 78' lang='lat' dir='ltr'>Megaclides</span> <span class='ocrx_word' id='word_1_329' title='bbox 488 3448 590 3488; x_wconf 85' lang='lat' dir='ltr'>inter</span> <span class='ocrx_word' id='word_1_330' title='bbox 611 3463 678 3490; x_wconf 86' lang='lat' dir='ltr'>eos</span> <span class='ocrx_word' id='word_1_331' title='bbox 698 3459 937 3507; x_wconf 82' lang='lat' dir='ltr'>recensetur,</span> <span class='ocrx_word' id='word_1_332' title='bbox 960 3460 1030 3508; x_wconf 87' lang='lat' dir='ltr'>qui</span> <span class='ocrx_word' id='word_1_333' title='bbox 1050 3460 1100 3500; x_wconf 89' lang='lat' dir='ltr'>de</span> <span class='ocrx_word' id='word_1_334' title='bbox 1129 3463 1456 3513; x_wconf 80' lang='lat' dir='ltr'>Homeri.genere</span> <span class='ocrx_word' id='word_1_335' title='bbox 1476 3467 1516 3505; x_wconf 85' lang='lat' dir='ltr'>et</span> 
     </span>
     <span class='ocr_line' id='line_1_46' title="bbox 228 3504 1517 3564; baseline 0.016 -22"><span class='ocrx_word' id='word_1_336' title='bbox 228 3506 348 3543; x_wconf 74' lang='lat' dir='ltr'>:etate</span> <span class='ocrx_word' id='word_1_337' title='bbox 363 3504 677 3557; x_wconf 78' lang='lat' dir='ltr'>disputaverint3</span> <span class='ocrx_word' id='word_1_338' title='bbox 699 3522 779 3559; x_wconf 87' lang='lat' dir='ltr'>quo</span> <span class='ocrx_word' id='word_1_339' title='bbox 804 3511 891 3553; x_wconf 87' lang='lat' dir='ltr'>loco</span> <span class='ocrx_word' id='word_1_340' title='bbox 911 3517 994 3556; x_wconf 87' lang='lat' dir='ltr'>sine</span> <span class='ocrx_word' id='word_1_341' title='bbox 1011 3529 1130 3558; x_wconf 84' lang='lat' dir='ltr'>causa</span> <span class='ocrx_word' id='word_1_342' title='bbox 1152 3520 1294 3561; x_wconf 84' lang='lat' dir='ltr'>idonea</span> <span class='ocrx_word' id='word_1_343' title='bbox 1314 3522 1517 3564; x_wconf 84' lang='lat' dir='ltr'>Reinesius</span> 
     </span>
     <span class='ocr_line' id='line_1_47' title="bbox 228 3564 1516 3632; baseline 0.019 -34"><span class='ocrx_word' id='word_1_344' title='bbox 228 3573 298 3612; x_wconf 80' lang='lat' dir='ltr'>pro</span> <span class='ocrx_word' id='word_1_345' title='bbox 319 3564 582 3610; x_wconf 75' lang='grc' dir='ltr'>Μεγακλείδης</span> <span class='ocrx_word' id='word_1_346' title='bbox 601 3568 732 3616; x_wconf 83' lang='lat' dir='ltr'>reponi</span> <span class='ocrx_word' id='word_1_347' title='bbox 750 3570 995 3620; x_wconf 78' lang='grc' dir='ltr'>Ἡρακλείδης</span> <span class='ocrx_word' id='word_1_348' title='bbox 1016 3576 1158 3617; x_wconf 87' lang='lat' dir='ltr'>voluit.</span> <span class='ocrx_word' id='word_1_349' title='bbox 1175 3580 1239 3618; x_wconf 80' lang='lat' dir='ltr'>Cf.</span> <span class='ocrx_word' id='word_1_350' title='bbox 1254 3581 1339 3619; x_wconf 88' lang='lat' dir='ltr'>not.</span> <span class='ocrx_word' id='word_1_351' title='bbox 1353 3581 1401 3619; x_wconf 88' lang='lat' dir='ltr'>ad</span> <span class='ocrx_word' id='word_1_352' title='bbox 1418 3579 1516 3632; x_wconf 79' lang='lat' dir='ltr'>frag.</span> 
     </span>
     <span class='ocr_line' id='line_1_48' title="bbox 225 3622 1500 3684; baseline 0.019 -27"><span class='ocrx_word' id='word_1_353' title='bbox 225 3622 358 3659; x_wconf 86' lang='lat' dir='ltr'>menta</span> <span class='ocrx_word' id='word_1_354' title='bbox 389 3622 585 3671; x_wconf 80' lang='lat' dir='ltr'>Megaclis.</span> <span class='ocrx_word' id='word_1_355' title='bbox 630 3626 816 3666; x_wconf 79' lang='lat' dir='ltr'>Ceterum</span> <span class='ocrx_word' id='word_1_356' title='bbox 848 3641 970 3678; x_wconf 81' lang='lat' dir='ltr'>quum</span> <span class='ocrx_word' id='word_1_357' title='bbox 1005 3635 1254 3684; x_wconf 81' lang='lat' dir='ltr'>EustathiuS‚</span> <span class='ocrx_word' id='word_1_358' title='bbox 1291 3638 1431 3679; x_wconf 81' lang='lat' dir='ltr'>suidas</span> <span class='ocrx_word' id='word_1_359' title='bbox 1460 3643 1500 3680; x_wconf 89' lang='lat' dir='ltr'>et</span> 
     </span>
     <span class='ocr_line' id='line_1_49' title="bbox 228 3678 1515 3739; baseline 0.019 -25"><span class='ocrx_word' id='word_1_360' title='bbox 228 3678 446 3726; x_wconf 79' lang='lat' dir='ltr'>Hesychius</span> <span class='ocrx_word' id='word_1_361' title='bbox 467 3678 493 3717; x_wconf 90' lang='lat' dir='ltr'>l.</span> <span class='ocrx_word' id='word_1_362' title='bbox 514 3679 540 3718; x_wconf 94' lang='lat' dir='ltr'>l.</span> <span class='ocrx_word' id='word_1_363' title='bbox 570 3691 591 3718; x_wconf 89' lang='lat' dir='ltr'>e</span> <span class='ocrx_word' id='word_1_364' title='bbox 611 3683 820 3730; x_wconf 70' lang='lat' dir='ltr'>Megaclide</span> <span class='ocrx_word' id='word_1_365' title='bbox 840 3691 1000 3728; x_wconf 81' lang='lat' dir='ltr'>narrent</span> <span class='ocrx_word' id='word_1_366' title='bbox 1019 3692 1123 3731; x_wconf 83' lang='lat' dir='ltr'>viros</span> <span class='ocrx_word' id='word_1_367' title='bbox 1141 3694 1300 3734; x_wconf 80' lang='lat' dir='ltr'>Athenis</span> <span class='ocrx_word' id='word_1_368' title='bbox 1327 3697 1515 3739; x_wconf 86' lang='lat' dir='ltr'>oriundos</span> 
     </span>
     <span class='ocr_line' id='line_1_50' title="bbox 227 3735 1514 3800; baseline 0.019 -28"><span class='ocrx_word' id='word_1_369' title='bbox 227 3735 467 3785; x_wconf 76' lang='grc' dir='ltr'>Ἀθηναίους,</span> <span class='ocrx_word' id='word_1_370' title='bbox 490 3736 655 3777; x_wconf 83' lang='lat' dir='ltr'>feminas</span> <span class='ocrx_word' id='word_1_371' title='bbox 679 3742 813 3780; x_wconf 76' lang='lat' dir='ltr'>autem</span> <span class='ocrx_word' id='word_1_372' title='bbox 838 3754 921 3782; x_wconf 77' lang='lat' dir='ltr'>non.</span> <span class='ocrx_word' id='word_1_373' title='bbox 944 3744 1139 3795; x_wconf 75' lang='grc' dir='ltr'>Ἀθηναίας</span> <span class='ocrx_word' id='word_1_374' title='bbox 1162 3751 1229 3790; x_wconf 87' lang='lat' dir='ltr'>sed</span> <span class='ocrx_word' id='word_1_375' title='bbox 1256 3753 1422 3800; x_wconf 80' lang='grc' dir='ltr'>Ἀττικὰς</span> <span class='ocrx_word' id='word_1_376' title='bbox 1441 3766 1514 3796; x_wconf 89' lang='lat' dir='ltr'>no-</span> 
     </span>
     <span class='ocr_line' id='line_1_51' title="bbox 226 3792 1515 3856; baseline 0.018 -26"><span class='ocrx_word' id='word_1_377' title='bbox 226 3792 393 3841; x_wconf 82' lang='lat' dir='ltr'>minari,</span> <span class='ocrx_word' id='word_1_378' title='bbox 413 3794 549 3833; x_wconf 86' lang='lat' dir='ltr'>nescio.</span> <span class='ocrx_word' id='word_1_379' title='bbox 565 3805 615 3834; x_wconf 88' lang='lat' dir='ltr'>an</span> <span class='ocrx_word' id='word_1_380' title='bbox 647 3807 740 3836; x_wconf 89' lang='lat' dir='ltr'>cum</span> <span class='ocrx_word' id='word_1_381' title='bbox 765 3798 825 3838; x_wconf 87' lang='lat' dir='ltr'>his</span> <span class='ocrx_word' id='word_1_382' title='bbox 845 3805 1063 3851; x_wconf 84' lang='lat' dir='ltr'>comparari</span> <span class='ocrx_word' id='word_1_383' title='bbox 1083 3807 1205 3856; x_wconf 79' lang='lat' dir='ltr'>possit</span> <span class='ocrx_word' id='word_1_384' title='bbox 1225 3808 1362 3850; x_wconf 82' lang='lat' dir='ltr'>similis</span> <span class='ocrx_word' id='word_1_385' title='bbox 1383 3813 1515 3852; x_wconf 84' lang='lat' dir='ltr'>nomi-</span> 
     </span>
     <span class='ocr_line' id='line_1_52' title="bbox 226 3851 1515 3916; baseline 0.017 -27"><span class='ocrx_word' id='word_1_386' title='bbox 226 3862 323 3890; x_wconf 86' lang='lat' dir='ltr'>num</span> <span class='ocrx_word' id='word_1_387' title='bbox 351 3851 554 3891; x_wconf 82' lang='lat' dir='ltr'>distinctio</span> <span class='ocrx_word' id='word_1_388' title='bbox 567 3882 580 3901; x_wconf 91' lang='lat'><em>‚</em></span> <span class='ocrx_word' id='word_1_389' title='bbox 600 3863 692 3903; x_wconf 79' lang='lat' dir='ltr'>quae</span> <span class='ocrx_word' id='word_1_390' title='bbox 716 3855 808 3895; x_wconf 84' lang='lat' dir='ltr'>alibi</span> <span class='ocrx_word' id='word_1_391' title='bbox 827 3857 895 3896; x_wconf 79' lang='lat' dir='ltr'>vix</span> <span class='ocrx_word' id='word_1_392' title='bbox 910 3859 1027 3899; x_wconf 80' lang='lat' dir='ltr'>obvia</span> <span class='ocrx_word' id='word_1_393' title='bbox 1049 3861 1087 3901; x_wconf 85' lang='lat' dir='ltr'>iu</span> <span class='ocrx_word' id='word_1_394' title='bbox 1104 3867 1360 3916; x_wconf 76' lang='lat' dir='ltr'>geographico</span> <span class='ocrx_word' id='word_1_395' title='bbox 1380 3874 1515 3911; x_wconf 80' lang='lat' dir='ltr'>nostro</span> 
     </span>
     <span class='ocr_line' id='line_1_53' title="bbox 226 3909 1513 3967; baseline 0.017 -21"><span class='ocrx_word' id='word_1_396' title='bbox 226 3910 446 3957; x_wconf 80' lang='lat' dir='ltr'>fragmento</span> <span class='ocrx_word' id='word_1_397' title='bbox 462 3909 475 3958; x_wconf 83' lang='lat'><em>&lt;</em></span> <span class='ocrx_word' id='word_1_398' title='bbox 489 3911 562 3958; x_wconf 88' lang='lat'>59)</span> <span class='ocrx_word' id='word_1_399' title='bbox 579 3913 768 3952; x_wconf 83' lang='lat' dir='ltr'>occurrit.</span> <span class='ocrx_word' id='word_1_400' title='bbox 796 3916 949 3954; x_wconf 77' lang='lat' dir='ltr'>Etenim</span> <span class='ocrx_word' id='word_1_401' title='bbox 967 3917 1063 3958; x_wconf 86' lang='lat' dir='ltr'>dicit</span> <span class='ocrx_word' id='word_1_402' title='bbox 1075 3924 1215 3960; x_wconf 80' lang='lat' dir='ltr'>auctor</span> <span class='ocrx_word' id='word_1_403' title='bbox 1239 3940 1248 3962; x_wconf 89' lang='lat'>:</span> <span class='ocrx_word' id='word_1_404' title='bbox 1269 3927 1356 3964; x_wconf 84' lang='grc' dir='ltr'>Τῶν</span> <span class='ocrx_word' id='word_1_405' title='bbox 1373 3927 1405 3965; x_wconf 84' lang='grc' dir='ltr'>δ’</span> <span class='ocrx_word' id='word_1_406' title='bbox 1423 3929 1513 3967; x_wconf 61' lang='lat' dir='ltr'>&amp;vot--</span> 
     </span>
     <span class='ocr_line' id='line_1_54' title="bbox 225 3965 1360 4026; baseline 0.017 -25"><span class='ocrx_word' id='word_1_407' title='bbox 225 3965 394 4004; x_wconf 79' lang='grc' dir='ltr'>κούντων</span> <span class='ocrx_word' id='word_1_408' title='bbox 412 3965 425 4013; x_wconf 93' lang='grc'><strong>(</strong></span> <span class='ocrx_word' id='word_1_409' title='bbox 444 3977 497 4005; x_wconf 85' lang='lat' dir='ltr'>sc.</span> <span class='ocrx_word' id='word_1_410' title='bbox 518 3965 669 4013; x_wconf 78' lang='grc' dir='ltr'>Ἀθήνας</span> <span class='ocrx_word' id='word_1_411' title='bbox 691 3969 702 4015; x_wconf 91' lang='grc'>)</span> <span class='ocrx_word' id='word_1_412' title='bbox 722 3972 756 4008; x_wconf 80' lang='grc' dir='ltr'>οἱ</span> <span class='ocrx_word' id='word_1_413' title='bbox 775 3971 842 4020; x_wconf 79' lang='grc' dir='ltr'>μὲν</span> <span class='ocrx_word' id='word_1_414' title='bbox 863 3971 1038 4019; x_wconf 79' lang='grc' dir='ltr'>Ἀττικοί.</span> <span class='ocrx_word' id='word_1_415' title='bbox 1055 3979 1090 4014; x_wconf 84' lang='grc' dir='ltr'>οἱ</span> <span class='ocrx_word' id='word_1_416' title='bbox 1107 3978 1146 4016; x_wconf 87' lang='grc' dir='ltr'>δὲ</span> <span class='ocrx_word' id='word_1_417' title='bbox 1164 3978 1360 4026; x_wconf 81' lang='grc' dir='ltr'>Ἀθηναῖοι.</span> 
     </span>
    </p>

    <p class='ocr_par' dir='ltr' id='par_1_9' title="bbox 278 4023 1512 4088">
     <span class='ocr_line' id='line_1_55' title="bbox 278 4023 1512 4088; baseline 0.019 -30"><span class='ocrx_word' id='word_1_418' title='bbox 278 4023 356 4069; x_wconf 67' lang='grc'>(*”)</span> <span class='ocrx_word' id='word_1_419' title='bbox 399 4026 445 4061; x_wconf 86' lang='lat' dir='ltr'>V.</span> <span class='ocrx_word' id='word_1_420' title='bbox 485 4034 521 4062; x_wconf 91' lang='lat' dir='ltr'>c.</span> <span class='ocrx_word' id='word_1_421' title='bbox 564 4026 824 4076; x_wconf 81' lang='lat' dir='ltr'>Megaclidem</span> <span class='ocrx_word' id='word_1_422' title='bbox 858 4031 1072 4078; x_wconf 78' lang='lat' dir='ltr'>quendam·</span> <span class='ocrx_word' id='word_1_423' title='bbox 1096 4034 1339 4077; x_wconf 78' lang='lat' dir='ltr'>Eleusiniam</span> <span class='ocrx_word' id='word_1_424' title='bbox 1372 4040 1512 4088; x_wconf 87' lang='lat' dir='ltr'>(sicuti</span> 
     </span>
    </p>
   </div>
   <div class='ocr_carea' id='block_1_8' title="bbox 226 4080 1514 4188">
    <p class='ocr_par' dir='ltr' id='par_1_10' title="bbox 226 4080 1514 4188">
     <span class='ocr_line' id='line_1_56' title="bbox 226 4080 1514 4138; baseline 0.017 -22"><span class='ocrx_word' id='word_1_425' title='bbox 226 4080 343 4118; x_wconf 68' lang='lat' dir='ltr'>etiam</span> <span class='ocrx_word' id='word_1_426' title='bbox 397 4080 568 4121; x_wconf 78' lang='lat' dir='ltr'>Phileam</span> <span class='ocrx_word' id='word_1_427' title='bbox 629 4085 920 4136; x_wconf 75' lang='lat' dir='ltr'>Eleusiniuin)</span> <span class='ocrx_word' id='word_1_428' title='bbox 979 4095 1174 4131; x_wconf 68' lang='lat' dir='ltr'>memorat</span> <span class='ocrx_word' id='word_1_429' title='bbox 1234 4098 1514 4138; x_wconf 64' lang='lat' dir='ltr'>Demosthenes</span> 
     </span>
     <span class='ocr_line' id='line_1_57' title="bbox 226 4140 661 4188; baseline 0.014 -15"><span class='ocrx_word' id='word_1_430' title='bbox 226 4147 263 4184; x_wconf 77' lang='lat' dir='ltr'>p.</span> <span class='ocrx_word' id='word_1_431' title='bbox 297 4140 661 4188; x_wconf 71' lang='lat' dir='ltr'>1221‚27.9f37,21.</span> 
     </span>
    </p>
   </div>
   <div class='ocr_carea' id='block_1_9' title="bbox 1073 237 1958 313">
    <p class='ocr_par' dir='ltr' id='par_1_11' title="bbox 1073 237 1958 313">
     <span class='ocr_line' id='line_1_58' title="bbox 1073 237 1958 313; baseline -0.002 -20"><span class='ocrx_word' id='word_1_432' title='bbox 1073 305 1082 313; x_wconf 38' lang='lat'><em>.</em></span> <span class='ocrx_word' id='word_1_433' title='bbox 1155 245 1515 293; x_wconf 69' lang='lat' dir='ltr'><strong>DICAEARCH!</strong></span> <span class='ocrx_word' id='word_1_434' title='bbox 1554 237 1958 293; x_wconf 71' lang='lat' dir='ltr'><strong>FRAGMENTA.</strong></span> 
     </span>
    </p>
   </div>
   <div class='ocr_carea' id='block_1_10' title="bbox 2869 297 3016 4071">
    <p class='ocr_par' dir='ltr' id='par_1_12' title="bbox 2869 297 3016 4071">
     <span class='ocr_line' id='line_1_59' title="bbox 2940 297 3016 666; baseline 0 -209"><span class='ocrx_word' id='word_1_435' title='bbox 2940 297 3016 666; x_wconf 95' lang='lat' dir='ltr'>    </span> 
     </span>
     <span class='ocr_line' id='line_1_60' title="bbox 2934 666 3016 734; baseline 0 3894"><span class='ocrx_word' id='word_1_436' title='bbox 2934 666 3016 734; x_wconf 95' lang='lat' dir='ltr'> </span> 
     </span>
     <span class='ocr_line' id='line_1_61' title="bbox 2934 734 3016 860; baseline 0 0"><span class='ocrx_word' id='word_1_437' title='bbox 2934 734 3016 860; x_wconf 95' lang='lat' dir='ltr'>  </span> 
     </span>
     <span class='ocr_line' id='line_1_62' title="bbox 2940 860 3016 954; baseline 0 3674"><span class='ocrx_word' id='word_1_438' title='bbox 2940 860 3016 954; x_wconf 95' lang='lat' dir='ltr'> </span> 
     </span>
     <span class='ocr_line' id='line_1_63' title="bbox 2921 954 3016 1168; baseline 0 0"><span class='ocrx_word' id='word_1_439' title='bbox 2921 954 3016 1168; x_wconf 95' lang='lat' dir='ltr'>   </span> 
     </span>
     <span class='ocr_line' id='line_1_64' title="bbox 2921 1168 3016 1380; baseline 0 -63"><span class='ocrx_word' id='word_1_440' title='bbox 2921 1168 3016 1380; x_wconf 95' lang='lat' dir='ltr'>   </span> 
     </span>
     <span class='ocr_line' id='line_1_65' title="bbox 2939 1380 3016 1458; baseline 0 3170"><span class='ocrx_word' id='word_1_441' title='bbox 2939 1380 3016 1458; x_wconf 95' lang='lat' dir='ltr'> </span> 
     </span>
     <span class='ocr_line' id='line_1_66' title="bbox 2940 1458 3016 1747; baseline 0 -146"><span class='ocrx_word' id='word_1_442' title='bbox 2940 1458 3016 1747; x_wconf 95' lang='lat' dir='ltr'>    </span> 
     </span>
     <span class='ocr_line' id='line_1_67' title="bbox 2944 1747 3016 2055; baseline 0 -62"><span class='ocrx_word' id='word_1_443' title='bbox 2944 1747 3016 2055; x_wconf 95' lang='lat' dir='ltr'>    </span> 
     </span>
     <span class='ocr_line' id='line_1_68' title="bbox 2940 2055 3016 2133; baseline 0 2495"><span class='ocrx_word' id='word_1_444' title='bbox 2940 2055 3016 2133; x_wconf 95' lang='lat' dir='ltr'> </span> 
     </span>
     <span class='ocr_line' id='line_1_69' title="bbox 2940 2133 3016 2270; baseline 0 0"><span class='ocrx_word' id='word_1_445' title='bbox 2940 2133 3016 2270; x_wconf 95' lang='lat' dir='ltr'>  </span> 
     </span>
     <span class='ocr_line' id='line_1_70' title="bbox 2940 2270 3016 2355; baseline 0 2273"><span class='ocrx_word' id='word_1_446' title='bbox 2940 2270 3016 2355; x_wconf 95' lang='lat' dir='ltr'> </span> 
     </span>
     <span class='ocr_line' id='line_1_71' title="bbox 2940 2355 3016 2423; baseline 0 2205"><span class='ocrx_word' id='word_1_447' title='bbox 2940 2355 3016 2423; x_wconf 95' lang='lat' dir='ltr'> </span> 
     </span>
     <span class='ocr_line' id='line_1_72' title="bbox 2940 2423 3016 2498; baseline 0 2130"><span class='ocrx_word' id='word_1_448' title='bbox 2940 2423 3016 2498; x_wconf 95' lang='lat' dir='ltr'> </span> 
     </span>
     <span class='ocr_line' id='line_1_73' title="bbox 2934 2498 3016 2624; baseline 0 0"><span class='ocrx_word' id='word_1_449' title='bbox 2934 2498 3016 2624; x_wconf 95' lang='lat' dir='ltr'>  </span> 
     </span>
     <span class='ocr_line' id='line_1_74' title="bbox 2940 2624 3016 2704; baseline 0 1924"><span class='ocrx_word' id='word_1_450' title='bbox 2940 2624 3016 2704; x_wconf 95' lang='lat' dir='ltr'> </span> 
     </span>
     <span class='ocr_line' id='line_1_75' title="bbox 2948 2704 3016 2784; baseline 0 1844"><span class='ocrx_word' id='word_1_451' title='bbox 2948 2704 3016 2784; x_wconf 95' lang='lat' dir='ltr'> </span> 
     </span>
     <span class='ocr_line' id='line_1_76' title="bbox 2948 2784 3016 2856; baseline 0 1772"><span class='ocrx_word' id='word_1_452' title='bbox 2948 2784 3016 2856; x_wconf 95' lang='lat' dir='ltr'> </span> 
     </span>
     <span class='ocr_line' id='line_1_77' title="bbox 2948 2856 3016 3001; baseline 0 -80"><span class='ocrx_word' id='word_1_453' title='bbox 2948 2856 3016 3001; x_wconf 95' lang='lat' dir='ltr'>  </span> 
     </span>
     <span class='ocr_line' id='line_1_78' title="bbox 2948 3001 3016 3075; baseline 0 1553"><span class='ocrx_word' id='word_1_454' title='bbox 2948 3001 3016 3075; x_wconf 95' lang='lat' dir='ltr'> </span> 
     </span>
     <span class='ocr_line' id='line_1_79' title="bbox 2940 3075 3016 3167; baseline 0 1461"><span class='ocrx_word' id='word_1_455' title='bbox 2940 3075 3016 3167; x_wconf 95' lang='lat' dir='ltr'> </span> 
     </span>
     <span class='ocr_line' id='line_1_80' title="bbox 2926 3167 3016 3390; baseline 0 0"><span class='ocrx_word' id='word_1_456' title='bbox 2926 3167 3016 3390; x_wconf 95' lang='lat' dir='ltr'>   </span> 
     </span>
     <span class='ocr_line' id='line_1_81' title="bbox 2914 3390 3016 3616; baseline 0 -2"><span class='ocrx_word' id='word_1_457' title='bbox 2914 3390 3016 3616; x_wconf 95' lang='lat' dir='ltr'>    </span> 
     </span>
     <span class='ocr_line' id='line_1_82' title="bbox 2890 3616 3016 3896; baseline 0 -53"><span class='ocrx_word' id='word_1_458' title='bbox 2890 3616 3016 3896; x_wconf 95' lang='lat' dir='ltr'>    </span> 
     </span>
     <span class='ocr_line' id='line_1_83' title="bbox 2869 3896 3016 4071; baseline 0 0"><span class='ocrx_word' id='word_1_459' title='bbox 2869 3896 3016 4071; x_wconf 95' lang='lat' dir='ltr'>   </span> 
     </span>
    </p>
   </div>
   <div class='ocr_carea' id='block_1_11' title="bbox 1587 351 3007 1625">
    <p class='ocr_par' dir='ltr' id='par_1_13' title="bbox 1589 351 3005 845">
     <span class='ocr_line' id='line_1_84' title="bbox 1590 351 3005 417; baseline 0.004 -21"><span class='ocrx_word' id='word_1_460' title='bbox 1590 355 1668 398; x_wconf 71' lang='lat' dir='ltr'>des</span> <span class='ocrx_word' id='word_1_461' title='bbox 1717 351 1815 414; x_wconf 58' lang='lat'><strong>(¹⁸⁴).</strong></span> <span class='ocrx_word' id='word_1_462' title='bbox 1856 354 2060 398; x_wconf 89' lang='lat' dir='ltr'>Atticum</span> <span class='ocrx_word' id='word_1_463' title='bbox 2101 370 2212 398; x_wconf 83' lang='lat' dir='ltr'>vero</span> <span class='ocrx_word' id='word_1_464' title='bbox 2248 355 2483 398; x_wconf 88' lang='lat' dir='ltr'>hominem</span> <span class='ocrx_word' id='word_1_465' title='bbox 2527 356 2574 399; x_wconf 90' lang='lat' dir='ltr'>in</span> <span class='ocrx_word' id='word_1_466' title='bbox 2617 356 2887 417; x_wconf 72' lang='lat' dir='ltr'>fragmentis</span> <span class='ocrx_word' id='word_1_467' title='bbox 2948 372 2951 377; x_wconf 60' lang='lat'><em>⁷</em></span> <span class='ocrx_word' id='word_1_468' title='bbox 3003 380 3005 382; x_wconf 84' lang='lat'><em>-</em></span> 
     </span>
     <span class='ocr_line' id='line_1_85' title="bbox 1589 425 2998 490; baseline 0.004 -20"><span class='ocrx_word' id='word_1_469' title='bbox 1589 428 1755 471; x_wconf 88' lang='lat' dir='ltr'>nostris</span> <span class='ocrx_word' id='word_1_470' title='bbox 1771 428 1925 471; x_wconf 84' lang='lat' dir='ltr'>nescio</span> <span class='ocrx_word' id='word_1_471' title='bbox 1942 442 2003 471; x_wconf 87' lang='lat' dir='ltr'>an</span> <span class='ocrx_word' id='word_1_472' title='bbox 2021 436 2144 471; x_wconf 87' lang='lat' dir='ltr'>recte</span> <span class='ocrx_word' id='word_1_473' title='bbox 2161 442 2410 487; x_wconf 85' lang='lat' dir='ltr'>agnoscere</span> <span class='ocrx_word' id='word_1_474' title='bbox 2426 425 2542 471; x_wconf 84' lang='lat' dir='ltr'>mihi</span> <span class='ocrx_word' id='word_1_475' title='bbox 2558 427 2740 473; x_wconf 79' lang='lat' dir='ltr'>videor.</span> <span class='ocrx_word' id='word_1_476' title='bbox 2763 431 2878 474; x_wconf 84' lang='lat' dir='ltr'>Nam</span> <span class='ocrx_word' id='word_1_477' title='bbox 2996 479 2998 490; x_wconf 26' lang='grc' dir='ltr'>ἰ</span> 
     </span>
     <span class='ocr_line' id='line_1_86' title="bbox 1589 497 3001 561; baseline 0.005 -20"><span class='ocrx_word' id='word_1_478' title='bbox 1589 506 1641 541; x_wconf 90' lang='lat' dir='ltr'>ut</span> <span class='ocrx_word' id='word_1_479' title='bbox 1661 500 1839 542; x_wconf 87' lang='lat' dir='ltr'>mittam</span> <span class='ocrx_word' id='word_1_480' title='bbox 1864 499 2023 543; x_wconf 87' lang='lat' dir='ltr'>laudes</span> <span class='ocrx_word' id='word_1_481' title='bbox 2042 499 2333 542; x_wconf 87' lang='lat' dir='ltr'>Athenarum</span> <span class='ocrx_word' id='word_1_482' title='bbox 2356 497 2645 558; x_wconf 85' lang='lat' dir='ltr'>magnificas,</span> <span class='ocrx_word' id='word_1_483' title='bbox 2667 502 2878 548; x_wconf 79' lang='lat' dir='ltr'>attendas</span> <span class='ocrx_word' id='word_1_484' title='bbox 2899 556 2905 561; x_wconf 18' lang='lat' dir='ltr'>x</span> <span class='ocrx_word' id='word_1_485' title='bbox 2933 556 2935 559; x_wconf 18' lang='grc' dir='ltr'><strong><em>ι</em></strong></span> <span class='ocrx_word' id='word_1_486' title='bbox 2995 534 3001 561; x_wconf 65' lang='lat'>3</span> 
     </span>
     <span class='ocr_line' id='line_1_87' title="bbox 1590 570 2946 634; baseline 0.006 -21"><span class='ocrx_word' id='word_1_487' title='bbox 1590 585 1744 628; x_wconf 82' lang='lat' dir='ltr'>quaeso</span> <span class='ocrx_word' id='word_1_488' title='bbox 1784 585 1876 629; x_wconf 88' lang='lat' dir='ltr'>qua</span> <span class='ocrx_word' id='word_1_489' title='bbox 1903 570 2156 614; x_wconf 87' lang='lat' dir='ltr'>acerbitate</span> <span class='ocrx_word' id='word_1_490' title='bbox 2188 571 2379 614; x_wconf 82' lang='lat' dir='ltr'>Boeotos</span> <span class='ocrx_word' id='word_1_491' title='bbox 2411 571 2661 631; x_wconf 88' lang='lat' dir='ltr'>plerosque</span> <span class='ocrx_word' id='word_1_492' title='bbox 2695 583 2879 634; x_wconf 74' lang='lat' dir='ltr'>carpat,</span> <span class='ocrx_word' id='word_1_493' title='bbox 2929 606 2946 626; x_wconf 64' lang='lat'>.4</span> 
     </span>
     <span class='ocr_line' id='line_1_88' title="bbox 1589 634 3004 701; baseline 0.004 -17"><span class='ocrx_word' id='word_1_494' title='bbox 1589 652 1812 700; x_wconf 87' lang='lat' dir='ltr'>notetque</span> <span class='ocrx_word' id='word_1_495' title='bbox 1846 658 1925 686; x_wconf 87' lang='lat' dir='ltr'>eos</span> <span class='ocrx_word' id='word_1_496' title='bbox 1957 643 2040 701; x_wconf 89' lang='lat' dir='ltr'>qui</span> <span class='ocrx_word' id='word_1_497' title='bbox 2076 643 2124 686; x_wconf 92' lang='lat' dir='ltr'>in</span> <span class='ocrx_word' id='word_1_498' title='bbox 2152 643 2330 686; x_wconf 81' lang='lat' dir='ltr'>Boeotia</span> <span class='ocrx_word' id='word_1_499' title='bbox 2355 644 2486 700; x_wconf 87' lang='lat' dir='ltr'>quasi</span> <span class='ocrx_word' id='word_1_500' title='bbox 2511 634 2813 691; x_wconf 64' lang='lat' dir='ltr'>Athenierisoe</span> <span class='ocrx_word' id='word_1_501' title='bbox 2832 661 2905 692; x_wconf 83' lang='lat' dir='ltr'>se·</span> <span class='ocrx_word' id='word_1_502' title='bbox 2939 636 2949 674; x_wconf 62' lang='grc' dir='ltr'>ἶ</span> <span class='ocrx_word' id='word_1_503' title='bbox 2995 643 3004 690; x_wconf 55' lang='lat' dir='ltr'>f</span> 
     </span>
     <span class='ocr_line' id='line_1_89' title="bbox 1589 712 3002 786; baseline 0.004 -29"><span class='ocrx_word' id='word_1_504' title='bbox 1589 723 1766 773; x_wconf 86' lang='lat' dir='ltr'>gerant.</span> <span class='ocrx_word' id='word_1_505' title='bbox 1792 715 1998 758; x_wconf 89' lang='lat' dir='ltr'>Ulterius</span> <span class='ocrx_word' id='word_1_506' title='bbox 2035 715 2159 757; x_wconf 87' lang='lat' dir='ltr'>hisce</span> <span class='ocrx_word' id='word_1_507' title='bbox 2198 713 2477 771; x_wconf 87' lang='lat' dir='ltr'>conjecturis</span> <span class='ocrx_word' id='word_1_508' title='bbox 2505 717 2744 761; x_wconf 81' lang='lat' dir='ltr'>immorari</span> <span class='ocrx_word' id='word_1_509' title='bbox 2783 733 2882 763; x_wconf 82' lang='lat' dir='ltr'>non</span> <span class='ocrx_word' id='word_1_510' title='bbox 2934 713 2953 786; x_wconf 28' lang='lat' dir='ltr'>i„</span> <span class='ocrx_word' id='word_1_511' title='bbox 2995 712 3002 773; x_wconf 71' lang='grc' dir='ltr'>,ῥῖ</span> 
     </span>
     <span class='ocr_line' id='line_1_90' title="bbox 1589 785 2947 845; baseline 0.006 -17"><span class='ocrx_word' id='word_1_512' title='bbox 1589 795 1654 829; x_wconf 88' lang='lat' dir='ltr'>est</span> <span class='ocrx_word' id='word_1_513' title='bbox 1679 787 1840 830; x_wconf 89' lang='lat' dir='ltr'>otium.</span> <span class='ocrx_word' id='word_1_514' title='bbox 1868 785 2026 832; x_wconf 87' lang='lat' dir='ltr'>Unum</span> <span class='ocrx_word' id='word_1_515' title='bbox 2058 794 2213 829; x_wconf 88' lang='lat' dir='ltr'>tamen</span> <span class='ocrx_word' id='word_1_516' title='bbox 2239 785 2413 830; x_wconf 90' lang='lat' dir='ltr'>addere</span> <span class='ocrx_word' id='word_1_517' title='bbox 2449 787 2563 831; x_wconf 77' lang='lat' dir='ltr'>mihi</span> <span class='ocrx_word' id='word_1_518' title='bbox 2587 788 2736 835; x_wconf 87' lang='lat' dir='ltr'>liceat.</span> <span class='ocrx_word' id='word_1_519' title='bbox 2932 787 2947 845; x_wconf 47' lang='lat'>‚⁸</span> 
     </span>
    </p>

    <p class='ocr_par' dir='ltr' id='par_1_14' title="bbox 1587 850 3007 1625">
     <span class='ocr_line' id='line_1_91' title="bbox 1655 850 3002 922; baseline 0.005 -21"><span class='ocrx_word' id='word_1_520' title='bbox 1655 860 1712 901; x_wconf 84' lang='lat' dir='ltr'>ln</span> <span class='ocrx_word' id='word_1_521' title='bbox 1724 858 1885 902; x_wconf 83' lang='lat' dir='ltr'>codice</span> <span class='ocrx_word' id='word_1_522' title='bbox 1897 858 2442 917; x_wconf 82' lang='lat' dir='ltr'>Pithoeanolongioribus</span> <span class='ocrx_word' id='word_1_523' title='bbox 2456 861 2636 919; x_wconf 87' lang='lat' dir='ltr'>scriptis</span> <span class='ocrx_word' id='word_1_524' title='bbox 2649 850 2905 922; x_wconf 41' lang='lat' dir='ltr'>Mamianff</span> <span class='ocrx_word' id='word_1_525' title='bbox 2996 869 3002 921; x_wconf 46' lang='grc' dir='ltr'>ζ,</span> 
     </span>
     <span class='ocr_line' id='line_1_92' title="bbox 1587 923 3007 994; baseline 0.006 -22"><span class='ocrx_word' id='word_1_526' title='bbox 1587 930 1874 973; x_wconf 83' lang='lat' dir='ltr'>Artemidori</span> <span class='ocrx_word' id='word_1_527' title='bbox 1891 939 1936 974; x_wconf 89' lang='lat' dir='ltr'>et</span> <span class='ocrx_word' id='word_1_528' title='bbox 1955 928 2172 989; x_wconf 80' lang='lat' dir='ltr'>Scylacis‚</span> <span class='ocrx_word' id='word_1_529' title='bbox 2193 945 2294 988; x_wconf 77' lang='lat' dir='ltr'>quae</span> <span class='ocrx_word' id='word_1_530' title='bbox 2309 932 2508 990; x_wconf 89' lang='lat' dir='ltr'>primam</span> <span class='ocrx_word' id='word_1_531' title='bbox 2521 932 2694 979; x_wconf 89' lang='lat' dir='ltr'>codicis</span> <span class='ocrx_word' id='word_1_532' title='bbox 2704 943 2884 994; x_wconf 80' lang='lat' dir='ltr'>partem</span> <span class='ocrx_word' id='word_1_533' title='bbox 2995 923 3007 964; x_wconf 59' lang='lat'>53²</span> 
     </span>
     <span class='ocr_line' id='line_1_93' title="bbox 1588 1002 2884 1068; baseline 0.007 -24"><span class='ocrx_word' id='word_1_534' title='bbox 1588 1002 1898 1057; x_wconf 82' lang='lat' dir='ltr'>constituunt,</span> <span class='ocrx_word' id='word_1_535' title='bbox 1918 1002 2228 1061; x_wconf 61' lang='lat' dir='ltr'>praefiguntur</span> <span class='ocrx_word' id='word_1_536' title='bbox 2259 1004 2406 1057; x_wconf 88' lang='lat' dir='ltr'>tituli,</span> <span class='ocrx_word' id='word_1_537' title='bbox 2443 1013 2488 1048; x_wconf 88' lang='lat' dir='ltr'>et</span> <span class='ocrx_word' id='word_1_538' title='bbox 2519 1005 2718 1064; x_wconf 76' lang='lat' dir='ltr'>Scylacis</span> <span class='ocrx_word' id='word_1_539' title='bbox 2749 1010 2884 1068; x_wconf 83' lang='lat' dir='ltr'>operi</span> 
     </span>
     <span class='ocr_line' id='line_1_94' title="bbox 1587 1074 2960 1137; baseline 0.007 -21"><span class='ocrx_word' id='word_1_540' title='bbox 1587 1082 1811 1131; x_wconf 80' lang='lat' dir='ltr'>praeterea</span> <span class='ocrx_word' id='word_1_541' title='bbox 1830 1075 1999 1118; x_wconf 89' lang='lat' dir='ltr'>iterum</span> <span class='ocrx_word' id='word_1_542' title='bbox 2016 1074 2176 1118; x_wconf 87' lang='lat' dir='ltr'>titulus</span> <span class='ocrx_word' id='word_1_543' title='bbox 2187 1074 2247 1118; x_wconf 86' lang='lat' dir='ltr'>ad</span> <span class='ocrx_word' id='word_1_544' title='bbox 2265 1076 2438 1119; x_wconf 87' lang='lat' dir='ltr'>calcem</span> <span class='ocrx_word' id='word_1_545' title='bbox 2454 1077 2739 1137; x_wconf 84' lang='lat' dir='ltr'>appingitur.</span> <span class='ocrx_word' id='word_1_546' title='bbox 2759 1079 2886 1127; x_wconf 84' lang='lat' dir='ltr'>Con-</span> <span class='ocrx_word' id='word_1_547' title='bbox 2921 1103 2935 1107; x_wconf 59' lang='lat'>&gt;·</span> <span class='ocrx_word' id='word_1_548' title='bbox 2957 1090 2960 1126; x_wconf 77' lang='grc' dir='ltr'>ῑ</span> 
     </span>
     <span class='ocr_line' id='line_1_95' title="bbox 1590 1145 3002 1210; baseline 0.008 -24"><span class='ocrx_word' id='word_1_549' title='bbox 1590 1152 1661 1186; x_wconf 87' lang='lat' dir='ltr'>tra</span> <span class='ocrx_word' id='word_1_550' title='bbox 1677 1159 1778 1202; x_wconf 87' lang='lat' dir='ltr'>quae</span> <span class='ocrx_word' id='word_1_551' title='bbox 1800 1145 2020 1204; x_wconf 88' lang='lat' dir='ltr'>deinceps</span> <span class='ocrx_word' id='word_1_552' title='bbox 2041 1155 2300 1204; x_wconf 79' lang='lat' dir='ltr'>sequnntur</span> <span class='ocrx_word' id='word_1_553' title='bbox 2322 1149 2506 1193; x_wconf 88' lang='lat' dir='ltr'>minora</span> <span class='ocrx_word' id='word_1_554' title='bbox 2539 1148 2767 1210; x_wconf 83' lang='lat' dir='ltr'>fragmina</span> <span class='ocrx_word' id='word_1_555' title='bbox 2793 1150 2884 1198; x_wconf 80' lang='lat' dir='ltr'>Isi-</span> <span class='ocrx_word' id='word_1_556' title='bbox 2931 1147 2957 1190; x_wconf 58' lang='lat' dir='ltr'>s</span> <span class='ocrx_word' id='word_1_557' title='bbox 2996 1150 3002 1166; x_wconf 74' lang='lat'>²</span> 
     </span>
     <span class='ocr_line' id='line_1_96' title="bbox 1590 1215 3003 1283; baseline 0.008 -25"><span class='ocrx_word' id='word_1_558' title='bbox 1590 1215 1697 1259; x_wconf 91' lang='lat' dir='ltr'>dori</span> <span class='ocrx_word' id='word_1_559' title='bbox 1721 1217 1997 1271; x_wconf 88' lang='lat' dir='ltr'>Characeni,</span> <span class='ocrx_word' id='word_1_560' title='bbox 2026 1217 2497 1264; x_wconf 84' lang='lat' dir='ltr'>Pseudo-Dicaearchi</span> <span class='ocrx_word' id='word_1_561' title='bbox 2527 1221 2620 1266; x_wconf 88' lang='lat' dir='ltr'>sive</span> <span class='ocrx_word' id='word_1_562' title='bbox 2644 1223 2882 1283; x_wconf 81' lang='lat' dir='ltr'>Dionysii,</span> <span class='ocrx_word' id='word_1_563' title='bbox 2957 1275 2959 1278; x_wconf 14' lang='grc' dir='ltr'><em>Α</em></span> <span class='ocrx_word' id='word_1_564' title='bbox 2998 1260 3003 1282; x_wconf 51' lang='lat'>3</span> 
     </span>
     <span class='ocr_line' id='line_1_97' title="bbox 1589 1290 3006 1350; baseline 0.008 -19"><span class='ocrx_word' id='word_1_565' title='bbox 1589 1290 1743 1332; x_wconf 86' lang='lat' dir='ltr'>Nostri</span> <span class='ocrx_word' id='word_1_566' title='bbox 1768 1291 2002 1349; x_wconf 86' lang='lat' dir='ltr'>Anonymi</span> <span class='ocrx_word' id='word_1_567' title='bbox 2021 1302 2066 1334; x_wconf 86' lang='lat' dir='ltr'>et</span> <span class='ocrx_word' id='word_1_568' title='bbox 2085 1291 2270 1350; x_wconf 84' lang='lat' dir='ltr'>Scymni</span> <span class='ocrx_word' id='word_1_569' title='bbox 2297 1292 2415 1349; x_wconf 90' lang='lat' dir='ltr'>Chii,</span> <span class='ocrx_word' id='word_1_570' title='bbox 2439 1294 2598 1338; x_wconf 87' lang='lat' dir='ltr'>titulos</span> <span class='ocrx_word' id='word_1_571' title='bbox 2612 1296 2796 1340; x_wconf 86' lang='lat' dir='ltr'>nonnisi</span> <span class='ocrx_word' id='word_1_572' title='bbox 2825 1298 2886 1343; x_wconf 86' lang='lat' dir='ltr'>ad</span> <span class='ocrx_word' id='word_1_573' title='bbox 2939 1302 2957 1348; x_wconf 79' lang='grc'>,“</span> <span class='ocrx_word' id='word_1_574' title='bbox 2998 1307 3006 1322; x_wconf 71' lang='lat'>¹</span> 
     </span>
     <span class='ocr_line' id='line_1_98' title="bbox 1589 1359 2953 1427; baseline 0.006 -23"><span class='ocrx_word' id='word_1_575' title='bbox 1589 1359 1728 1405; x_wconf 87' lang='lat' dir='ltr'>finem</span> <span class='ocrx_word' id='word_1_576' title='bbox 1756 1363 1982 1421; x_wconf 88' lang='lat' dir='ltr'>ascriptos</span> <span class='ocrx_word' id='word_1_577' title='bbox 2018 1362 2218 1418; x_wconf 86' lang='lat' dir='ltr'>habent,</span> <span class='ocrx_word' id='word_1_578' title='bbox 2257 1373 2428 1423; x_wconf 84' lang='lat' dir='ltr'>praeter</span> <span class='ocrx_word' id='word_1_579' title='bbox 2454 1367 2753 1425; x_wconf 83' lang='lat' dir='ltr'>Anonymum</span> <span class='ocrx_word' id='word_1_580' title='bbox 2791 1384 2885 1413; x_wconf 84' lang='lat'>110-</span> <span class='ocrx_word' id='word_1_581' title='bbox 2933 1384 2953 1427; x_wconf 57' lang='grc' dir='ltr'>χ·</span> 
     </span>
     <span class='ocr_line' id='line_1_99' title="bbox 1589 1434 2887 1500; baseline 0.007 -24"><span class='ocrx_word' id='word_1_582' title='bbox 1589 1442 1753 1487; x_wconf 88' lang='lat' dir='ltr'>strum,</span> <span class='ocrx_word' id='word_1_583' title='bbox 1774 1434 1854 1491; x_wconf 87' lang='lat' dir='ltr'>qui</span> <span class='ocrx_word' id='word_1_584' title='bbox 1873 1434 2001 1477; x_wconf 90' lang='lat' dir='ltr'>omni</span> <span class='ocrx_word' id='word_1_585' title='bbox 2013 1434 2316 1494; x_wconf 86' lang='lat' dir='ltr'>inscriptione</span> <span class='ocrx_word' id='word_1_586' title='bbox 2334 1446 2477 1481; x_wconf 86' lang='lat' dir='ltr'>caret.</span> <span class='ocrx_word' id='word_1_587' title='bbox 2497 1435 2715 1482; x_wconf 76' lang='lat' dir='ltr'>Attamen</span> <span class='ocrx_word' id='word_1_588' title='bbox 2729 1439 2887 1500; x_wconf 83' lang='lat' dir='ltr'>primo</span> 
     </span>
     <span class='ocr_line' id='line_1_100' title="bbox 1589 1507 2887 1570; baseline 0.008 -21"><span class='ocrx_word' id='word_1_589' title='bbox 1589 1507 1761 1550; x_wconf 91' lang='lat' dir='ltr'>horum</span> <span class='ocrx_word' id='word_1_590' title='bbox 1786 1522 2009 1566; x_wconf 89' lang='lat' dir='ltr'>operum,</span> <span class='ocrx_word' id='word_1_591' title='bbox 2037 1508 2206 1553; x_wconf 89' lang='lat' dir='ltr'>Isidori</span> <span class='ocrx_word' id='word_1_592' title='bbox 2225 1510 2415 1566; x_wconf 86' lang='lat' dir='ltr'>scilicet,</span> <span class='ocrx_word' id='word_1_593' title='bbox 2440 1512 2787 1570; x_wconf 77' lang='lat' dir='ltr'>praemitnintur</span> <span class='ocrx_word' id='word_1_594' title='bbox 2800 1515 2887 1558; x_wconf 89' lang='lat' dir='ltr'>sub</span> 
     </span>
     <span class='ocr_line' id='line_1_101' title="bbox 1593 1578 2220 1625; baseline 0.006 -4"><span class='ocrx_word' id='word_1_595' title='bbox 1593 1578 1715 1622; x_wconf 84' lang='lat' dir='ltr'>tituli</span> <span class='ocrx_word' id='word_1_596' title='bbox 1731 1579 1882 1623; x_wconf 86' lang='lat' dir='ltr'>forma</span> <span class='ocrx_word' id='word_1_597' title='bbox 1900 1581 2018 1624; x_wconf 90' lang='lat' dir='ltr'>mira</span> <span class='ocrx_word' id='word_1_598' title='bbox 2033 1581 2186 1625; x_wconf 86' lang='lat' dir='ltr'>haecce</span> <span class='ocrx_word' id='word_1_599' title='bbox 2211 1597 2220 1624; x_wconf 93' lang='lat'>:</span> 
     </span>
    </p>
   </div>
   <div class='ocr_carea' id='block_1_12' title="bbox 1692 1663 2797 1719">
    <p class='ocr_par' dir='ltr' id='par_1_15' title="bbox 1692 1663 2797 1719">
     <span class='ocr_line' id='line_1_102' title="bbox 1692 1663 2797 1719; baseline 0.007 -17"><span class='ocrx_word' id='word_1_600' title='bbox 1692 1663 1888 1710; x_wconf 82' lang='grc' dir='ltr'><strong>Ἀθηναίου</strong></span> <span class='ocrx_word' id='word_1_601' title='bbox 1907 1664 2059 1704; x_wconf 80' lang='grc' dir='ltr'>πόλεων</span> <span class='ocrx_word' id='word_1_602' title='bbox 2080 1665 2303 1716; x_wconf 83' lang='grc' dir='ltr'>σκώμματα</span> <span class='ocrx_word' id='word_1_603' title='bbox 2319 1667 2384 1705; x_wconf 81' lang='grc' dir='ltr'>καὶ</span> <span class='ocrx_word' id='word_1_604' title='bbox 2401 1667 2480 1708; x_wconf 76' lang='grc' dir='ltr'>ὀδοΞ</span> <span class='ocrx_word' id='word_1_605' title='bbox 2495 1669 2560 1706; x_wconf 84' lang='grc' dir='ltr'>καὶ</span> <span class='ocrx_word' id='word_1_606' title='bbox 2581 1669 2797 1719; x_wconf 80' lang='grc' dir='ltr'>περίπλους.</span> 
     </span>
    </p>
   </div>
   <div class='ocr_carea' id='block_1_13' title="bbox 1589 1734 2955 3197">
    <p class='ocr_par' dir='ltr' id='par_1_16' title="bbox 1589 1734 2955 3197">
     <span class='ocr_line' id='line_1_103' title="bbox 1591 1734 2891 1816; baseline 0.008 -27"><span class='ocrx_word' id='word_1_607' title='bbox 1591 1745 1875 1790; x_wconf 88' lang='lat' dir='ltr'>Clarissimus</span> <span class='ocrx_word' id='word_1_608' title='bbox 1895 1748 2176 1791; x_wconf 89' lang='lat' dir='ltr'>Letronnius</span> <span class='ocrx_word' id='word_1_609' title='bbox 2205 1746 2275 1806; x_wconf 90' lang='lat' dir='ltr'>(in</span> <span class='ocrx_word' id='word_1_610' title='bbox 2299 1734 2456 1792; x_wconf 58' lang='lat' dir='ltr'>Poem.</span> <span class='ocrx_word' id='word_1_611' title='bbox 2485 1752 2644 1808; x_wconf 67' lang='lat' dir='ltr'>geogr.</span> <span class='ocrx_word' id='word_1_612' title='bbox 2667 1767 2717 1811; x_wconf 88' lang='lat' dir='ltr'>p.</span> <span class='ocrx_word' id='word_1_613' title='bbox 2753 1752 2891 1816; x_wconf 70' lang='grc'>265),4</span> 
     </span>
     <span class='ocr_line' id='line_1_104' title="bbox 1589 1817 2887 1884; baseline 0.008 -24"><span class='ocrx_word' id='word_1_614' title='bbox 1589 1826 1641 1861; x_wconf 91' lang='lat' dir='ltr'>ut</span> <span class='ocrx_word' id='word_1_615' title='bbox 1657 1833 1838 1862; x_wconf 87' lang='lat' dir='ltr'>sensum</span> <span class='ocrx_word' id='word_1_616' title='bbox 1858 1818 2014 1863; x_wconf 86' lang='lat' dir='ltr'>verbis</span> <span class='ocrx_word' id='word_1_617' title='bbox 2036 1819 2245 1875; x_wconf 85' lang='lat' dir='ltr'>inferret,</span> <span class='ocrx_word' id='word_1_618' title='bbox 2267 1835 2357 1879; x_wconf 88' lang='lat' dir='ltr'>pro</span> <span class='ocrx_word' id='word_1_619' title='bbox 2375 1817 2623 1881; x_wconf 82' lang='grc' dir='ltr'>σκώμματα</span> <span class='ocrx_word' id='word_1_620' title='bbox 2635 1824 2887 1884; x_wconf 86' lang='lat' dir='ltr'>legendum</span> 
     </span>
     <span class='ocr_line' id='line_1_105' title="bbox 1591 1888 2881 1958; baseline 0.009 -25"><span class='ocrx_word' id='word_1_621' title='bbox 1591 1892 1769 1934; x_wconf 88' lang='lat' dir='ltr'>censuit</span> <span class='ocrx_word' id='word_1_622' title='bbox 1787 1888 2004 1951; x_wconf 83' lang='grc' dir='ltr'>ὂνόματα;</span> <span class='ocrx_word' id='word_1_623' title='bbox 2021 1888 2243 1947; x_wconf 81' lang='grc' dir='ltr'>Ἀθηναίου</span> <span class='ocrx_word' id='word_1_624' title='bbox 2260 1907 2374 1937; x_wconf 87' lang='lat' dir='ltr'>vero</span> <span class='ocrx_word' id='word_1_625' title='bbox 2386 1909 2560 1939; x_wconf 90' lang='lat' dir='ltr'>nomen</span> <span class='ocrx_word' id='word_1_626' title='bbox 2577 1910 2672 1940; x_wconf 88' lang='lat' dir='ltr'>esse</span> <span class='ocrx_word' id='word_1_627' title='bbox 2690 1911 2881 1958; x_wconf 83' lang='lat' dir='ltr'>geogra-</span> 
     </span>
     <span class='ocr_line' id='line_1_106' title="bbox 1589 1962 2886 2024; baseline 0.008 -20"><span class='ocrx_word' id='word_1_628' title='bbox 1589 1962 1672 2020; x_wconf 91' lang='lat' dir='ltr'>phi</span> <span class='ocrx_word' id='word_1_629' title='bbox 1695 1963 1862 2022; x_wconf 71' lang='lat' dir='ltr'>ignofi,</span> <span class='ocrx_word' id='word_1_630' title='bbox 1890 1963 2020 2022; x_wconf 92' lang='lat' dir='ltr'>quod</span> <span class='ocrx_word' id='word_1_631' title='bbox 2038 1979 2129 2007; x_wconf 90' lang='lat' dir='ltr'>una</span> <span class='ocrx_word' id='word_1_632' title='bbox 2149 1980 2254 2018; x_wconf 82' lang='lat' dir='ltr'>cum</span> <span class='ocrx_word' id='word_1_633' title='bbox 2269 1965 2424 2024; x_wconf 85' lang='lat' dir='ltr'>operis</span> <span class='ocrx_word' id='word_1_634' title='bbox 2440 1966 2575 2010; x_wconf 88' lang='lat' dir='ltr'>titulo</span> <span class='ocrx_word' id='word_1_635' title='bbox 2590 1968 2741 2014; x_wconf 86' lang='lat' dir='ltr'>scriba</span> <span class='ocrx_word' id='word_1_636' title='bbox 2755 1967 2886 2015; x_wconf 53' lang='lat' dir='ltr'>exhiss</span> 
     </span>
     <span class='ocr_line' id='line_1_107' title="bbox 1589 2034 2882 2100; baseline 0.008 -23"><span class='ocrx_word' id='word_1_637' title='bbox 1589 2034 1760 2078; x_wconf 81' lang='lat' dir='ltr'>buisset</span> <span class='ocrx_word' id='word_1_638' title='bbox 1787 2034 1978 2093; x_wconf 85' lang='lat' dir='ltr'>quidem</span> <span class='ocrx_word' id='word_1_639' title='bbox 1992 2068 2004 2090; x_wconf 92' lang='lat'>,</span> <span class='ocrx_word' id='word_1_640' title='bbox 2020 2036 2170 2094; x_wconf 87' lang='lat' dir='ltr'>ipsum</span> <span class='ocrx_word' id='word_1_641' title='bbox 2185 2051 2298 2080; x_wconf 84' lang='lat' dir='ltr'>vero</span> <span class='ocrx_word' id='word_1_642' title='bbox 2322 2052 2439 2096; x_wconf 91' lang='lat' dir='ltr'>opus</span> <span class='ocrx_word' id='word_1_643' title='bbox 2462 2038 2596 2082; x_wconf 90' lang='lat' dir='ltr'>titulo</span> <span class='ocrx_word' id='word_1_644' title='bbox 2612 2055 2710 2084; x_wconf 88' lang='lat' dir='ltr'>non</span> <span class='ocrx_word' id='word_1_645' title='bbox 2728 2040 2882 2100; x_wconf 78' lang='lat' dir='ltr'>sthe-</span> 
     </span>
     <span class='ocr_line' id='line_1_108' title="bbox 1591 2096 2949 2170; baseline 0.004 -20"><span class='ocrx_word' id='word_1_646' title='bbox 1591 2107 1723 2150; x_wconf 89' lang='lat' dir='ltr'>cisset</span> <span class='ocrx_word' id='word_1_647' title='bbox 1742 2104 1813 2166; x_wconf 66' lang='lat'>(⁴²).</span> <span class='ocrx_word' id='word_1_648' title='bbox 1852 2109 2026 2151; x_wconf 87' lang='lat' dir='ltr'>Verum</span> <span class='ocrx_word' id='word_1_649' title='bbox 2059 2109 2235 2152; x_wconf 87' lang='lat' dir='ltr'>etiamsi</span> <span class='ocrx_word' id='word_1_650' title='bbox 2257 2124 2422 2153; x_wconf 89' lang='lat' dir='ltr'>vocem</span> <span class='ocrx_word' id='word_1_651' title='bbox 2455 2107 2646 2170; x_wconf 83' lang='grc' dir='ltr'>ὀνόματα</span> <span class='ocrx_word' id='word_1_652' title='bbox 2672 2096 2897 2158; x_wconf 74' lang='lat' dir='ltr'>admitti-⁸</span> <span class='ocrx_word' id='word_1_653' title='bbox 2941 2150 2949 2156; x_wconf 93' lang='lat'>.</span> 
     </span>
     <span class='ocr_line' id='line_1_109' title="bbox 1590 2179 2947 2242; baseline 0.009 -22"><span class='ocrx_word' id='word_1_654' title='bbox 1590 2193 1709 2234; x_wconf 88' lang='lat' dir='ltr'>mus,</span> <span class='ocrx_word' id='word_1_655' title='bbox 1740 2179 1860 2222; x_wconf 88' lang='lat' dir='ltr'>tituli</span> <span class='ocrx_word' id='word_1_656' title='bbox 1891 2180 2009 2223; x_wconf 85' lang='lat' dir='ltr'>ratio</span> <span class='ocrx_word' id='word_1_657' title='bbox 2032 2181 2148 2224; x_wconf 87' lang='lat' dir='ltr'>mira</span> <span class='ocrx_word' id='word_1_658' title='bbox 2171 2196 2356 2240; x_wconf 84' lang='lat' dir='ltr'>semper</span> <span class='ocrx_word' id='word_1_659' title='bbox 2388 2191 2469 2228; x_wconf 87' lang='lat' dir='ltr'>est.</span> <span class='ocrx_word' id='word_1_660' title='bbox 2491 2183 2607 2228; x_wconf 90' lang='lat' dir='ltr'>Mihi</span> <span class='ocrx_word' id='word_1_661' title='bbox 2643 2199 2808 2230; x_wconf 83' lang='lat' dir='ltr'>manca</span> <span class='ocrx_word' id='word_1_662' title='bbox 2838 2197 2886 2232; x_wconf 89' lang='lat' dir='ltr'>et</span> <span class='ocrx_word' id='word_1_663' title='bbox 2936 2230 2947 2242; x_wconf 16' lang='grc' dir='ltr'>,ι</span> 
     </span>
     <span class='ocr_line' id='line_1_110' title="bbox 1589 2242 2949 2320; baseline 0.01 -27"><span class='ocrx_word' id='word_1_664' title='bbox 1589 2250 1890 2295; x_wconf 86' lang='lat' dir='ltr'>vehementer</span> <span class='ocrx_word' id='word_1_665' title='bbox 1914 2261 2132 2311; x_wconf 80' lang='lat' dir='ltr'>corrupta</span> <span class='ocrx_word' id='word_1_666' title='bbox 2152 2252 2249 2296; x_wconf 87' lang='lat' dir='ltr'>haec</span> <span class='ocrx_word' id='word_1_667' title='bbox 2274 2269 2366 2298; x_wconf 86' lang='lat' dir='ltr'>esse</span> <span class='ocrx_word' id='word_1_668' title='bbox 2394 2254 2630 2303; x_wconf 85' lang='lat' dir='ltr'>videntur.</span> <span class='ocrx_word' id='word_1_669' title='bbox 2659 2258 2881 2320; x_wconf 84' lang='lat' dir='ltr'>Suspicor</span> <span class='ocrx_word' id='word_1_670' title='bbox 2943 2242 2949 2250; x_wconf 27' lang='lat' dir='ltr'>k</span> 
     </span>
     <span class='ocr_line' id='line_1_111' title="bbox 1593 2323 2884 2390; baseline 0.01 -25"><span class='ocrx_word' id='word_1_671' title='bbox 1593 2329 1748 2366; x_wconf 89' lang='lat' dir='ltr'>autem</span> <span class='ocrx_word' id='word_1_672' title='bbox 1774 2323 2040 2367; x_wconf 88' lang='lat' dir='ltr'>minoribus</span> <span class='ocrx_word' id='word_1_673' title='bbox 2058 2325 2148 2367; x_wconf 90' lang='lat' dir='ltr'>illis</span> <span class='ocrx_word' id='word_1_674' title='bbox 2169 2326 2388 2384; x_wconf 80' lang='lat' dir='ltr'>operibus</span> <span class='ocrx_word' id='word_1_675' title='bbox 2412 2327 2599 2372; x_wconf 87' lang='lat' dir='ltr'>titulum</span> <span class='ocrx_word' id='word_1_676' title='bbox 2621 2332 2884 2390; x_wconf 84' lang='lat' dir='ltr'>generalem</span> 
     </span>
     <span class='ocr_line' id='line_1_112' title="bbox 1589 2395 2938 2464; baseline 0.01 -26"><span class='ocrx_word' id='word_1_677' title='bbox 1589 2397 1875 2454; x_wconf 82' lang='lat' dir='ltr'>praemissum</span> <span class='ocrx_word' id='word_1_678' title='bbox 1892 2395 2049 2452; x_wconf 89' lang='lat' dir='ltr'>fuisse,</span> <span class='ocrx_word' id='word_1_679' title='bbox 2072 2412 2167 2456; x_wconf 65' lang='lat' dir='ltr'>quo</span> <span class='ocrx_word' id='word_1_680' title='bbox 2189 2399 2378 2442; x_wconf 89' lang='lat' dir='ltr'>nomina</span> <span class='ocrx_word' id='word_1_681' title='bbox 2396 2409 2658 2458; x_wconf 85' lang='lat' dir='ltr'>auctorum,</span> <span class='ocrx_word' id='word_1_682' title='bbox 2681 2418 2884 2464; x_wconf 77' lang='lat' dir='ltr'>quorum</span> <span class='ocrx_word' id='word_1_683' title='bbox 2929 2420 2938 2445; x_wconf 65' lang='lat' dir='ltr'>f=</span> 
     </span>
     <span class='ocr_line' id='line_1_113' title="bbox 1591 2468 2955 2534; baseline 0.01 -24"><span class='ocrx_word' id='word_1_684' title='bbox 1591 2468 1786 2512; x_wconf 85' lang='lat' dir='ltr'>frustula</span> <span class='ocrx_word' id='word_1_685' title='bbox 1802 2470 1851 2512; x_wconf 92' lang='lat' dir='ltr'>in</span> <span class='ocrx_word' id='word_1_686' title='bbox 1871 2478 2106 2528; x_wconf 87' lang='lat' dir='ltr'>postrema</span> <span class='ocrx_word' id='word_1_687' title='bbox 2125 2470 2211 2514; x_wconf 89' lang='lat' dir='ltr'>hac</span> <span class='ocrx_word' id='word_1_688' title='bbox 2236 2470 2412 2515; x_wconf 88' lang='lat' dir='ltr'>codicis</span> <span class='ocrx_word' id='word_1_689' title='bbox 2428 2481 2563 2531; x_wconf 85' lang='lat' dir='ltr'>parte</span> <span class='ocrx_word' id='word_1_690' title='bbox 2585 2475 2885 2534; x_wconf 84' lang='lat' dir='ltr'>exhibentur,</span> <span class='ocrx_word' id='word_1_691' title='bbox 2933 2495 2955 2534; x_wconf 60' lang='lat' dir='ltr'><strong>j</strong></span> 
     </span>
     <span class='ocr_line' id='line_1_114' title="bbox 1591 2540 2885 2596; baseline 0.008 -14"><span class='ocrx_word' id='word_1_692' title='bbox 1591 2540 1960 2584; x_wconf 89' lang='lat' dir='ltr'>continerentur.</span> <span class='ocrx_word' id='word_1_693' title='bbox 1998 2542 2206 2585; x_wconf 87' lang='lat' dir='ltr'>Primum</span> <span class='ocrx_word' id='word_1_694' title='bbox 2230 2558 2404 2596; x_wconf 85' lang='lat' dir='ltr'>nomen</span> <span class='ocrx_word' id='word_1_695' title='bbox 2429 2543 2598 2589; x_wconf 87' lang='lat' dir='ltr'>Isidori</span> <span class='ocrx_word' id='word_1_696' title='bbox 2631 2543 2885 2594; x_wconf 83' lang='lat' dir='ltr'>Characeni</span> 
     </span>
     <span class='ocr_line' id='line_1_115' title="bbox 1590 2611 2946 2673; baseline 0.008 -18"><span class='ocrx_word' id='word_1_697' title='bbox 1590 2611 1788 2667; x_wconf 84' lang='lat' dir='ltr'>excidit,</span> <span class='ocrx_word' id='word_1_698' title='bbox 1825 2613 2023 2657; x_wconf 88' lang='lat' dir='ltr'>alterum</span> <span class='ocrx_word' id='word_1_699' title='bbox 2050 2628 2250 2669; x_wconf 86' lang='lat' dir='ltr'>nomen,</span> <span class='ocrx_word' id='word_1_700' title='bbox 2281 2615 2411 2673; x_wconf 91' lang='lat' dir='ltr'>quod</span> <span class='ocrx_word' id='word_1_701' title='bbox 2445 2623 2545 2661; x_wconf 83' lang='lat' dir='ltr'>erat·</span> <span class='ocrx_word' id='word_1_702' title='bbox 2574 2619 2731 2664; x_wconf 88' lang='lat' dir='ltr'>Nostri</span> <span class='ocrx_word' id='word_1_703' title='bbox 2763 2635 2884 2666; x_wconf 85' lang='lat' dir='ltr'>ano-</span> <span class='ocrx_word' id='word_1_704' title='bbox 2934 2618 2946 2653; x_wconf 73' lang='lat' dir='ltr'><em>j</em></span> 
     </span>
     <span class='ocr_line' id='line_1_116' title="bbox 1590 2684 2877 2751; baseline 0.008 -25"><span class='ocrx_word' id='word_1_705' title='bbox 1590 2684 1733 2743; x_wconf 83' lang='lat' dir='ltr'>nymi,</span> <span class='ocrx_word' id='word_1_706' title='bbox 1747 2685 1857 2728; x_wconf 89' lang='lat' dir='ltr'>item</span> <span class='ocrx_word' id='word_1_707' title='bbox 1870 2684 2060 2740; x_wconf 86' lang='lat' dir='ltr'>excidit,</span> <span class='ocrx_word' id='word_1_708' title='bbox 2075 2695 2251 2730; x_wconf 87' lang='lat' dir='ltr'>servata</span> <span class='ocrx_word' id='word_1_709' title='bbox 2268 2695 2420 2730; x_wconf 88' lang='lat' dir='ltr'>tamen</span> <span class='ocrx_word' id='word_1_710' title='bbox 2433 2697 2500 2732; x_wconf 89' lang='lat' dir='ltr'>est</span> <span class='ocrx_word' id='word_1_711' title='bbox 2510 2691 2687 2735; x_wconf 86' lang='lat' dir='ltr'>mentio</span> <span class='ocrx_word' id='word_1_712' title='bbox 2699 2693 2877 2751; x_wconf 79' lang='lat' dir='ltr'>patriae.</span> 
     </span>
     <span class='ocr_line' id='line_1_117' title="bbox 1589 2756 2884 2818; baseline 0.008 -19"><span class='ocrx_word' id='word_1_713' title='bbox 1589 2756 1839 2814; x_wconf 79' lang='lat' dir='ltr'>Sequentia</span> <span class='ocrx_word' id='word_1_714' title='bbox 1862 2757 2050 2801; x_wconf 89' lang='lat' dir='ltr'>nomina</span> <span class='ocrx_word' id='word_1_715' title='bbox 2075 2759 2268 2817; x_wconf 87' lang='lat' dir='ltr'>propria</span> <span class='ocrx_word' id='word_1_716' title='bbox 2285 2756 2475 2818; x_wconf 86' lang='lat' dir='ltr'>Scymni</span> <span class='ocrx_word' id='word_1_717' title='bbox 2498 2761 2599 2805; x_wconf 89' lang='lat' dir='ltr'>Chii</span> <span class='ocrx_word' id='word_1_718' title='bbox 2620 2769 2666 2806; x_wconf 85' lang='lat' dir='ltr'>et</span> <span class='ocrx_word' id='word_1_719' title='bbox 2680 2763 2884 2810; x_wconf 80' lang='lat' dir='ltr'>Dicaear-</span> 
     </span>
     <span class='ocr_line' id='line_1_118' title="bbox 1592 2820 2885 2890; baseline 0.009 -19"><span class='ocrx_word' id='word_1_720' title='bbox 1592 2828 1690 2883; x_wconf 85' lang='lat' dir='ltr'>chi,</span> <span class='ocrx_word' id='word_1_721' title='bbox 1715 2844 1862 2887; x_wconf 90' lang='lat' dir='ltr'>quum</span> <span class='ocrx_word' id='word_1_722' title='bbox 1894 2820 2089 2887; x_wconf 87' lang='lat' dir='ltr'>pessime</span> <span class='ocrx_word' id='word_1_723' title='bbox 2122 2838 2308 2874; x_wconf 85' lang='lat' dir='ltr'>exarata</span> <span class='ocrx_word' id='word_1_724' title='bbox 2346 2833 2575 2890; x_wconf 85' lang='lat' dir='ltr'>reperiret</span> <span class='ocrx_word' id='word_1_725' title='bbox 2611 2835 2784 2889; x_wconf 84' lang='lat' dir='ltr'>scriba,</span> <span class='ocrx_word' id='word_1_726' title='bbox 2821 2838 2885 2882; x_wconf 83' lang='lat' dir='ltr'>ita</span> 
     </span>
     <span class='ocr_line' id='line_1_119' title="bbox 1591 2898 2886 2967; baseline 0.008 -23"><span class='ocrx_word' id='word_1_727' title='bbox 1591 2902 1804 2960; x_wconf 86' lang='lat' dir='ltr'>corrupit</span> <span class='ocrx_word' id='word_1_728' title='bbox 1816 2909 1870 2944; x_wconf 90' lang='lat' dir='ltr'>ut</span> <span class='ocrx_word' id='word_1_729' title='bbox 1893 2911 2077 2946; x_wconf 88' lang='lat' dir='ltr'>erueret</span> <span class='ocrx_word' id='word_1_730' title='bbox 2094 2917 2230 2946; x_wconf 88' lang='lat' dir='ltr'>voces</span> <span class='ocrx_word' id='word_1_731' title='bbox 2254 2903 2474 2961; x_wconf 86' lang='lat' dir='ltr'>quasdam</span> <span class='ocrx_word' id='word_1_732' title='bbox 2491 2905 2541 2948; x_wconf 89' lang='lat' dir='ltr'>in</span> <span class='ocrx_word' id='word_1_733' title='bbox 2563 2898 2886 2967; x_wconf 80' lang='lat' dir='ltr'>geographicis</span> 
     </span>
     <span class='ocr_line' id='line_1_120' title="bbox 1591 2973 2880 3036; baseline 0.007 -20"><span class='ocrx_word' id='word_1_734' title='bbox 1591 2973 1721 3017; x_wconf 88' lang='lat' dir='ltr'>libris</span> <span class='ocrx_word' id='word_1_735' title='bbox 1737 2973 2141 3033; x_wconf 83' lang='lat' dir='ltr'>frequentissimas.</span> <span class='ocrx_word' id='word_1_736' title='bbox 2159 2975 2303 3019; x_wconf 89' lang='lat' dir='ltr'>Ulcus</span> <span class='ocrx_word' id='word_1_737' title='bbox 2319 2975 2410 3019; x_wconf 86' lang='lat' dir='ltr'>hoc</span> <span class='ocrx_word' id='word_1_738' title='bbox 2424 2976 2485 3019; x_wconf 89' lang='lat' dir='ltr'>ita</span> <span class='ocrx_word' id='word_1_739' title='bbox 2507 2991 2703 3023; x_wconf 83' lang='lat' dir='ltr'>exurere</span> <span class='ocrx_word' id='word_1_740' title='bbox 2724 2987 2853 3025; x_wconf 88' lang='lat' dir='ltr'>tento</span> <span class='ocrx_word' id='word_1_741' title='bbox 2866 3015 2880 3036; x_wconf 92' lang='lat'>,</span> 
     </span>
     <span class='ocr_line' id='line_1_121' title="bbox 1589 3038 2847 3107; baseline 0.008 -20"><span class='ocrx_word' id='word_1_742' title='bbox 1589 3053 1642 3088; x_wconf 90' lang='lat' dir='ltr'>ut</span> <span class='ocrx_word' id='word_1_743' title='bbox 1664 3044 1891 3107; x_wconf 75' lang='lat' dir='ltr'>refingam</span> <span class='ocrx_word' id='word_1_744' title='bbox 1909 3061 1918 3089; x_wconf 91' lang='lat'>:</span> <span class='ocrx_word' id='word_1_745' title='bbox 2843 3038 2847 3041; x_wconf 18' lang='grc' dir='ltr'>ι</span> 
     </span>
     <span class='ocr_line' id='line_1_122' title="bbox 1641 3136 2888 3197; baseline 0.006 -21"><span class='ocrx_word' id='word_1_746' title='bbox 1641 3136 1836 3183; x_wconf 81' lang='grc' dir='ltr'>Ἀθηναίου</span> <span class='ocrx_word' id='word_1_747' title='bbox 1851 3137 2053 3176; x_wconf 62' lang='lat' dir='ltr'>mitem:</span> <span class='ocrx_word' id='word_1_748' title='bbox 2063 3138 2344 3188; x_wconf 77' lang='grc' dir='ltr'>(Μεγακλείδου</span> <span class='ocrx_word' id='word_1_749' title='bbox 2356 3139 2389 3187; x_wconf 83' lang='lat'>?)</span> <span class='ocrx_word' id='word_1_750' title='bbox 2411 3139 2608 3186; x_wconf 77' lang='grc' dir='ltr'>Ἀθηναίου</span> <span class='ocrx_word' id='word_1_751' title='bbox 2615 3141 2700 3190; x_wconf 82' lang='grc' dir='ltr'>περὶ</span> <span class='ocrx_word' id='word_1_752' title='bbox 2715 3141 2888 3197; x_wconf 61' lang='grc' dir='ltr'>πόλεων,ι</span> 
     </span>
    </p>
   </div>
   <div class='ocr_carea' id='block_1_14' title="bbox 1640 3194 2876 3308">
    <p class='ocr_par' dir='ltr' id='par_1_17' title="bbox 1640 3194 2876 3308">
     <span class='ocr_line' id='line_1_123' title="bbox 1640 3194 2749 3248; baseline 0.005 -15"><span class='ocrx_word' id='word_1_753' title='bbox 1640 3195 1864 3245; x_wconf 79' lang='grc' dir='ltr'>σκώμματα</span> <span class='ocrx_word' id='word_1_754' title='bbox 1877 3194 1945 3234; x_wconf 83' lang='grc' dir='ltr'>καὶ</span> <span class='ocrx_word' id='word_1_755' title='bbox 1969 3195 1990 3233; x_wconf 78' lang='grc' dir='ltr'>ὀ</span> <span class='ocrx_word' id='word_1_756' title='bbox 2006 3213 2059 3230; x_wconf 90' lang='lat'><strong><em>=</em></strong></span> <span class='ocrx_word' id='word_1_757' title='bbox 2079 3196 2255 3246; x_wconf 77' lang='grc' dir='ltr'>Σκύμνου</span> <span class='ocrx_word' id='word_1_758' title='bbox 2275 3199 2345 3235; x_wconf 76' lang='grc' dir='ltr'>τοῦ</span> <span class='ocrx_word' id='word_1_759' title='bbox 2369 3196 2467 3236; x_wconf 87' lang='grc' dir='ltr'>Κίου</span> <span class='ocrx_word' id='word_1_760' title='bbox 2486 3196 2539 3246; x_wconf 90' lang='lat' dir='ltr'>(i.</span> <span class='ocrx_word' id='word_1_761' title='bbox 2554 3208 2590 3236; x_wconf 85' lang='lat' dir='ltr'>e.</span> <span class='ocrx_word' id='word_1_762' title='bbox 2619 3197 2749 3248; x_wconf 87' lang='grc' dir='ltr'>Χίου),</span> 
     </span>
     <span class='ocr_line' id='line_1_124' title="bbox 1642 3250 2876 3308; baseline 0.005 -18"><span class='ocrx_word' id='word_1_763' title='bbox 1642 3250 1700 3290; x_wconf 79' lang='grc' dir='ltr'>δοί</span> <span class='ocrx_word' id='word_1_764' title='bbox 1719 3253 1784 3291; x_wconf 84' lang='grc' dir='ltr'>καὶ</span> <span class='ocrx_word' id='word_1_765' title='bbox 1807 3251 2010 3302; x_wconf 73' lang='grc' dir='ltr'>περίπλους</span> <span class='ocrx_word' id='word_1_766' title='bbox 2026 3267 2080 3283; x_wconf 96' lang='lat'><strong><em>=</em></strong></span> <span class='ocrx_word' id='word_1_767' title='bbox 2093 3257 2221 3298; x_wconf 81' lang='grc' dir='ltr'>Δικαι.</span> <span class='ocrx_word' id='word_1_768' title='bbox 2242 3253 2284 3303; x_wconf 85' lang='grc' dir='ltr'>(ἰ.</span> <span class='ocrx_word' id='word_1_769' title='bbox 2302 3264 2339 3293; x_wconf 86' lang='lat' dir='ltr'>e.</span> <span class='ocrx_word' id='word_1_770' title='bbox 2357 3255 2624 3306; x_wconf 77' lang='grc' dir='ltr'>Δικαιάρχου)</span> <span class='ocrx_word' id='word_1_771' title='bbox 2647 3257 2876 3308; x_wconf 71' lang='grc' dir='ltr'>Περίπλους.</span> 
     </span>
    </p>
   </div>
   <div class='ocr_carea' id='block_1_15' title="bbox 1588 3358 2931 4044">
    <p class='ocr_par' dir='ltr' id='par_1_18' title="bbox 1588 3358 2931 4044">
     <span class='ocr_line' id='line_1_125' title="bbox 1642 3358 2881 3406; baseline 0.007 -9"><span class='ocrx_word' id='word_1_772' title='bbox 1642 3359 1692 3406; x_wconf 83' lang='lat'>(*)</span> <span class='ocrx_word' id='word_1_773' title='bbox 1722 3358 1959 3398; x_wconf 82' lang='lat' dir='ltr'>Letronnius</span> <span class='ocrx_word' id='word_1_774' title='bbox 1974 3359 2000 3398; x_wconf 88' lang='lat' dir='ltr'>l.</span> <span class='ocrx_word' id='word_1_775' title='bbox 2021 3360 2047 3398; x_wconf 90' lang='lat' dir='ltr'>l.</span> <span class='ocrx_word' id='word_1_776' title='bbox 2079 3375 2088 3398; x_wconf 87' lang='lat'><strong>:</strong></span> <span class='ocrx_word' id='word_1_777' title='bbox 2119 3375 2137 3393; x_wconf 92' lang='lat'>«</span> <span class='ocrx_word' id='word_1_778' title='bbox 2158 3360 2255 3400; x_wconf 84' lang='lat' dir='ltr'>Mais</span> <span class='ocrx_word' id='word_1_779' title='bbox 2274 3362 2476 3401; x_wconf 86' lang='lat' dir='ltr'>comment</span> <span class='ocrx_word' id='word_1_780' title='bbox 2491 3361 2530 3402; x_wconf 85' lang='lat' dir='ltr'>le</span> <span class='ocrx_word' id='word_1_781' title='bbox 2545 3361 2637 3402; x_wconf 85' lang='lat' dir='ltr'>titre</span> <span class='ocrx_word' id='word_1_782' title='bbox 2652 3361 2702 3404; x_wconf 85' lang='lat' dir='ltr'>de</span> <span class='ocrx_word' id='word_1_783' title='bbox 2720 3374 2767 3404; x_wconf 85' lang='lat' dir='ltr'>ce</span> <span class='ocrx_word' id='word_1_784' title='bbox 2780 3364 2881 3406; x_wconf 74' lang='lat' dir='ltr'>livre</span> 
     </span>
     <span class='ocr_line' id='line_1_126' title="bbox 1588 3416 2880 3468; baseline 0.007 -14"><span class='ocrx_word' id='word_1_785' title='bbox 1588 3416 1712 3466; x_wconf 78' lang='lat' dir='ltr'>pei-du</span> <span class='ocrx_word' id='word_1_786' title='bbox 1733 3426 1779 3454; x_wconf 83' lang='lat' dir='ltr'>se</span> <span class='ocrx_word' id='word_1_787' title='bbox 1803 3417 2040 3456; x_wconf 65' lang='lat' dir='ltr'>trouve-t-it</span> <span class='ocrx_word' id='word_1_788' title='bbox 2061 3417 2161 3457; x_wconf 81' lang='lat' dir='ltr'>ainsi</span> <span class='ocrx_word' id='word_1_789' title='bbox 2182 3417 2293 3468; x_wconf 76' lang='lat' dir='ltr'>place</span> <span class='ocrx_word' id='word_1_790' title='bbox 2323 3420 2447 3458; x_wconf 80' lang='lat' dir='ltr'>avant</span> <span class='ocrx_word' id='word_1_791' title='bbox 2468 3419 2526 3458; x_wconf 85' lang='lat' dir='ltr'>les</span> <span class='ocrx_word' id='word_1_792' title='bbox 2553 3420 2756 3462; x_wconf 77' lang='lat' dir='ltr'>Statlimes</span> <span class='ocrx_word' id='word_1_793' title='bbox 2783 3425 2880 3463; x_wconf 75' lang='lat' dir='ltr'>Par·</span> 
     </span>
     <span class='ocr_line' id='line_1_127' title="bbox 1588 3473 2886 3530; baseline 0.006 -18"><span class='ocrx_word' id='word_1_794' title='bbox 1588 3473 1784 3524; x_wconf 62' lang='lat' dir='ltr'>unques?</span> <span class='ocrx_word' id='word_1_795' title='bbox 1799 3476 1845 3514; x_wconf 85' lang='lat' dir='ltr'>Je</span> <span class='ocrx_word' id='word_1_796' title='bbox 1867 3485 1986 3524; x_wconf 87' lang='lat' dir='ltr'>pense</span> <span class='ocrx_word' id='word_1_797' title='bbox 2009 3486 2110 3526; x_wconf 82' lang='lat' dir='ltr'>que,</span> <span class='ocrx_word' id='word_1_798' title='bbox 2132 3475 2232 3515; x_wconf 81' lang='lat' dir='ltr'>dans</span> <span class='ocrx_word' id='word_1_799' title='bbox 2250 3476 2287 3515; x_wconf 87' lang='lat' dir='ltr'>le</span> <span class='ocrx_word' id='word_1_800' title='bbox 2315 3478 2536 3516; x_wconf 80' lang='lat' dir='ltr'>manuscrit</span> <span class='ocrx_word' id='word_1_801' title='bbox 2557 3478 2746 3528; x_wconf 80' lang='lat' dir='ltr'>original,</span> <span class='ocrx_word' id='word_1_802' title='bbox 2768 3479 2886 3530; x_wconf 57' lang='lat' dir='ltr'>apros</span> 
     </span>
     <span class='ocr_line' id='line_1_128' title="bbox 1588 3527 2878 3585; baseline 0.009 -19"><span class='ocrx_word' id='word_1_803' title='bbox 1588 3527 1627 3566; x_wconf 87' lang='lat' dir='ltr'>le</span> <span class='ocrx_word' id='word_1_804' title='bbox 1658 3529 1805 3580; x_wconf 78' lang='lat' dir='ltr'>periple</span> <span class='ocrx_word' id='word_1_805' title='bbox 1833 3531 1884 3570; x_wconf 82' lang='lat' dir='ltr'>de</span> <span class='ocrx_word' id='word_1_806' title='bbox 1910 3532 2076 3581; x_wconf 68' lang='lat' dir='ltr'>Scylax,</span> <span class='ocrx_word' id='word_1_807' title='bbox 2110 3532 2245 3571; x_wconf 82' lang='lat' dir='ltr'>venait</span> <span class='ocrx_word' id='word_1_808' title='bbox 2274 3535 2339 3574; x_wconf 85' lang='lat' dir='ltr'>cet</span> <span class='ocrx_word' id='word_1_809' title='bbox 2370 3540 2546 3585; x_wconf 73' lang='lat' dir='ltr'>oum-age</span> <span class='ocrx_word' id='word_1_810' title='bbox 2575 3534 2752 3576; x_wconf 86' lang='lat' dir='ltr'>inconnu</span> <span class='ocrx_word' id='word_1_811' title='bbox 2783 3535 2878 3578; x_wconf 82' lang='lat' dir='ltr'>d&#39;un</span> 
     </span>
     <span class='ocr_line' id='line_1_129' title="bbox 1590 3586 2931 3644; baseline 0.008 -18"><span class='ocrx_word' id='word_1_812' title='bbox 1590 3587 1765 3628; x_wconf 79' lang='lat' dir='ltr'>Athenee</span> <span class='ocrx_word' id='word_1_813' title='bbox 1783 3589 1853 3640; x_wconf 87' lang='lat' dir='ltr'>qui</span> <span class='ocrx_word' id='word_1_814' title='bbox 1877 3601 1927 3629; x_wconf 89' lang='lat' dir='ltr'>ne</span> <span class='ocrx_word' id='word_1_815' title='bbox 1948 3590 2036 3630; x_wconf 86' lang='lat' dir='ltr'>l&#39;est</span> <span class='ocrx_word' id='word_1_816' title='bbox 2054 3601 2125 3641; x_wconf 86' lang='lat' dir='ltr'>pas</span> <span class='ocrx_word' id='word_1_817' title='bbox 2140 3592 2291 3636; x_wconf 52' lang='lat' dir='ltr'>moins„</span> <span class='ocrx_word' id='word_1_818' title='bbox 2313 3586 2370 3632; x_wconf 76' lang='lat' dir='ltr'>Ge</span> <span class='ocrx_word' id='word_1_819' title='bbox 2395 3591 2514 3642; x_wconf 83' lang='lat' dir='ltr'>titre,</span> <span class='ocrx_word' id='word_1_820' title='bbox 2534 3593 2646 3644; x_wconf 70' lang='lat' dir='ltr'>place</span> <span class='ocrx_word' id='word_1_821' title='bbox 2661 3604 2714 3634; x_wconf 81' lang='lat' dir='ltr'>au</span> <span class='ocrx_word' id='word_1_822' title='bbox 2735 3593 2807 3636; x_wconf 73' lang='lat' dir='ltr'>bns</span> <span class='ocrx_word' id='word_1_823' title='bbox 2825 3594 2880 3636; x_wconf 82' lang='lat' dir='ltr'>du</span> <span class='ocrx_word' id='word_1_824' title='bbox 2930 3639 2931 3642; x_wconf 61' lang='grc'>,</span> 
     </span>
     <span class='ocr_line' id='line_1_130' title="bbox 1589 3646 2878 3707; baseline 0.007 -23"><span class='ocrx_word' id='word_1_825' title='bbox 1589 3655 1703 3685; x_wconf 88' lang='lat' dir='ltr'>verso</span> <span class='ocrx_word' id='word_1_826' title='bbox 1717 3646 1820 3686; x_wconf 83' lang='lat' dir='ltr'>dela</span> <span class='ocrx_word' id='word_1_827' title='bbox 1836 3658 1931 3697; x_wconf 82' lang='lat' dir='ltr'>page</span> <span class='ocrx_word' id='word_1_828' title='bbox 1943 3677 1954 3697; x_wconf 91' lang='lat'>,</span> <span class='ocrx_word' id='word_1_829' title='bbox 1971 3648 2068 3690; x_wconf 72' lang='lat' dir='ltr'>etait</span> <span class='ocrx_word' id='word_1_830' title='bbox 2085 3646 2386 3699; x_wconf 80' lang='lat' dir='ltr'>probablement</span> <span class='ocrx_word' id='word_1_831' title='bbox 2402 3649 2503 3688; x_wconf 82' lang='lat' dir='ltr'>snivi</span> <span class='ocrx_word' id='word_1_832' title='bbox 2515 3661 2613 3699; x_wconf 35' lang='lat' dir='ltr'>*sur</span> <span class='ocrx_word' id='word_1_833' title='bbox 2627 3650 2667 3691; x_wconf 86' lang='lat' dir='ltr'>la</span> <span class='ocrx_word' id='word_1_834' title='bbox 2683 3661 2781 3707; x_wconf 67' lang='lat' dir='ltr'>page</span> <span class='ocrx_word' id='word_1_835' title='bbox 2794 3652 2878 3705; x_wconf 50' lang='lat' dir='ltr'>suie</span> 
     </span>
     <span class='ocr_line' id='line_1_131' title="bbox 1591 3704 2880 3758; baseline 0.008 -17"><span class='ocrx_word' id='word_1_836' title='bbox 1591 3705 1731 3753; x_wconf 77' lang='lat' dir='ltr'>vante,</span> <span class='ocrx_word' id='word_1_837' title='bbox 1748 3704 1798 3744; x_wconf 85' lang='lat' dir='ltr'>de</span> <span class='ocrx_word' id='word_1_838' title='bbox 1817 3704 2018 3756; x_wconf 81' lang='lat' dir='ltr'>l&#39;ouvrage</span> <span class='ocrx_word' id='word_1_839' title='bbox 2041 3707 2192 3754; x_wconf 75' lang='lat' dir='ltr'>meme3</span> <span class='ocrx_word' id='word_1_840' title='bbox 2212 3705 2312 3746; x_wconf 81' lang='lat' dir='ltr'>mais</span> <span class='ocrx_word' id='word_1_841' title='bbox 2329 3707 2434 3746; x_wconf 86' lang='lat' dir='ltr'>cette</span> <span class='ocrx_word' id='word_1_842' title='bbox 2452 3707 2577 3758; x_wconf 77' lang='lat' dir='ltr'>partie</span> <span class='ocrx_word' id='word_1_843' title='bbox 2591 3707 2647 3747; x_wconf 88' lang='lat' dir='ltr'>du</span> <span class='ocrx_word' id='word_1_844' title='bbox 2663 3709 2880 3755; x_wconf 73' lang='lat' dir='ltr'>nunuscrit</span> 
     </span>
     <span class='ocr_line' id='line_1_132' title="bbox 1588 3761 2889 3816; baseline 0.007 -16"><span class='ocrx_word' id='word_1_845' title='bbox 1588 3763 1708 3811; x_wconf 84' lang='lat' dir='ltr'>ayant</span> <span class='ocrx_word' id='word_1_846' title='bbox 1734 3761 1798 3802; x_wconf 75' lang='lat' dir='ltr'>ete</span> <span class='ocrx_word' id='word_1_847' title='bbox 1817 3763 1978 3803; x_wconf 78' lang='lat' dir='ltr'>enlevee</span> <span class='ocrx_word' id='word_1_848' title='bbox 2001 3774 2051 3802; x_wconf 90' lang='lat' dir='ltr'>ou</span> <span class='ocrx_word' id='word_1_849' title='bbox 2078 3763 2250 3814; x_wconf 81' lang='lat' dir='ltr'>perduc,</span> <span class='ocrx_word' id='word_1_850' title='bbox 2275 3763 2311 3803; x_wconf 53' lang='lat' dir='ltr'>il*</span> <span class='ocrx_word' id='word_1_851' title='bbox 2323 3773 2374 3803; x_wconf 83' lang='lat' dir='ltr'>ne</span> <span class='ocrx_word' id='word_1_852' title='bbox 2392 3774 2479 3804; x_wconf 78' lang='lat' dir='ltr'>sera</span> <span class='ocrx_word' id='word_1_853' title='bbox 2509 3764 2612 3806; x_wconf 73' lang='lat' dir='ltr'>reste</span> <span class='ocrx_word' id='word_1_854' title='bbox 2636 3776 2716 3816; x_wconf 83' lang='lat' dir='ltr'>que</span> <span class='ocrx_word' id='word_1_855' title='bbox 2734 3765 2771 3807; x_wconf 82' lang='lat' dir='ltr'>le</span> <span class='ocrx_word' id='word_1_856' title='bbox 2788 3766 2889 3810; x_wconf 58' lang='lat' dir='ltr'>titt&amp;</span> 
     </span>
     <span class='ocr_line' id='line_1_133' title="bbox 1588 3818 2918 3876; baseline 0.007 -19"><span class='ocrx_word' id='word_1_857' title='bbox 1588 3818 1641 3857; x_wconf 91' lang='lat' dir='ltr'>du</span> <span class='ocrx_word' id='word_1_858' title='bbox 1667 3818 1780 3858; x_wconf 86' lang='lat' dir='ltr'>livre.</span> <span class='ocrx_word' id='word_1_859' title='bbox 1804 3820 1916 3859; x_wconf 71' lang='lat' dir='ltr'>Alors</span> <span class='ocrx_word' id='word_1_860' title='bbox 1937 3831 1990 3859; x_wconf 89' lang='lat' dir='ltr'>un</span> <span class='ocrx_word' id='word_1_861' title='bbox 2010 3822 2125 3860; x_wconf 84' lang='lat' dir='ltr'>autre</span> <span class='ocrx_word' id='word_1_862' title='bbox 2146 3820 2295 3876; x_wconf 75' lang='lat' dir='ltr'>copiste</span> <span class='ocrx_word' id='word_1_863' title='bbox 2309 3850 2320 3868; x_wconf 93' lang='lat'>,</span> <span class='ocrx_word' id='word_1_864' title='bbox 2348 3822 2552 3870; x_wconf 60' lang='lat' dir='ltr'>peut-eure</span> <span class='ocrx_word' id='word_1_865' title='bbox 2570 3823 2671 3863; x_wconf 85' lang='lat' dir='ltr'>celui</span> <span class='ocrx_word' id='word_1_866' title='bbox 2695 3822 2747 3864; x_wconf 76' lang='lat' dir='ltr'>de</span> <span class='ocrx_word' id='word_1_867' title='bbox 2764 3826 2885 3865; x_wconf 76' lang='lat' dir='ltr'>noti-e-</span> <span class='ocrx_word' id='word_1_868' title='bbox 2898 3854 2918 3875; x_wconf 49' lang='lat'>‚3</span> 
     </span>
     <span class='ocr_line' id='line_1_134' title="bbox 1589 3876 2911 3935; baseline 0.005 -20"><span class='ocrx_word' id='word_1_869' title='bbox 1589 3876 1807 3916; x_wconf 79' lang='lat' dir='ltr'>manuscrit</span> <span class='ocrx_word' id='word_1_870' title='bbox 1835 3877 1884 3917; x_wconf 86' lang='lat' dir='ltr'>de</span> <span class='ocrx_word' id='word_1_871' title='bbox 1916 3877 2080 3926; x_wconf 85' lang='lat' dir='ltr'>Pithon,</span> <span class='ocrx_word' id='word_1_872' title='bbox 2106 3878 2224 3928; x_wconf 79' lang='lat' dir='ltr'>eopia</span> <span class='ocrx_word' id='word_1_873' title='bbox 2244 3877 2474 3920; x_wconf 79' lang='lat' dir='ltr'>fidelement</span> <span class='ocrx_word' id='word_1_874' title='bbox 2501 3879 2539 3919; x_wconf 84' lang='lat' dir='ltr'>la</span> <span class='ocrx_word' id='word_1_875' title='bbox 2567 3890 2664 3931; x_wconf 81' lang='lat' dir='ltr'>page</span> <span class='ocrx_word' id='word_1_876' title='bbox 2692 3881 2911 3935; x_wconf 55' lang='lat' dir='ltr'>tei-mineo</span> 
     </span>
     <span class='ocr_line' id='line_1_135' title="bbox 1589 3932 2901 3989; baseline 0.007 -18"><span class='ocrx_word' id='word_1_877' title='bbox 1589 3943 1660 3982; x_wconf 83' lang='lat' dir='ltr'>par</span> <span class='ocrx_word' id='word_1_878' title='bbox 1683 3933 1720 3972; x_wconf 84' lang='lat' dir='ltr'>le</span> <span class='ocrx_word' id='word_1_879' title='bbox 1749 3932 1842 3972; x_wconf 76' lang='lat' dir='ltr'>titre</span> <span class='ocrx_word' id='word_1_880' title='bbox 1873 3933 1929 3973; x_wconf 91' lang='lat' dir='ltr'>du</span> <span class='ocrx_word' id='word_1_881' title='bbox 1949 3934 2050 3974; x_wconf 83' lang='lat' dir='ltr'>livre</span> <span class='ocrx_word' id='word_1_882' title='bbox 2073 3934 2315 3984; x_wconf 73' lang='lat' dir='ltr'>d&#39;Athenee;</span> <span class='ocrx_word' id='word_1_883' title='bbox 2335 3936 2426 3986; x_wconf 88' lang='lat' dir='ltr'>puis</span> <span class='ocrx_word' id='word_1_884' title='bbox 2449 3935 2474 3976; x_wconf 87' lang='lat' dir='ltr'>il</span> <span class='ocrx_word' id='word_1_885' title='bbox 2502 3942 2528 3987; x_wconf 81' lang='lat' dir='ltr'>y</span> <span class='ocrx_word' id='word_1_886' title='bbox 2554 3936 2687 3987; x_wconf 78' lang='lat' dir='ltr'>ajouta</span> <span class='ocrx_word' id='word_1_887' title='bbox 2717 3938 2773 3983; x_wconf 63' lang='lat' dir='ltr'>les</span> <span class='ocrx_word' id='word_1_888' title='bbox 2796 3939 2901 3989; x_wconf 42' lang='lat' dir='ltr'>sta-&gt;f</span> 
     </span>
     <span class='ocr_line' id='line_1_136' title="bbox 1588 3990 2897 4044; baseline 0.005 -16"><span class='ocrx_word' id='word_1_889' title='bbox 1588 3990 1719 4030; x_wconf 87' lang='lat' dir='ltr'>thmes</span> <span class='ocrx_word' id='word_1_890' title='bbox 1739 3990 1975 4042; x_wconf 78' lang='lat' dir='ltr'>Partliiques</span> <span class='ocrx_word' id='word_1_891' title='bbox 1994 3991 2185 4032; x_wconf 84' lang='lat' dir='ltr'>d’lsidore</span> <span class='ocrx_word' id='word_1_892' title='bbox 2200 3990 2250 4032; x_wconf 85' lang='lat' dir='ltr'>de</span> <span class='ocrx_word' id='word_1_893' title='bbox 2271 3992 2428 4033; x_wconf 81' lang='lat' dir='ltr'>Charax</span> <span class='ocrx_word' id='word_1_894' title='bbox 2442 4023 2454 4042; x_wconf 92' lang='lat'>‚</span> <span class='ocrx_word' id='word_1_895' title='bbox 2474 3994 2572 4044; x_wconf 84' lang='lat' dir='ltr'>qu&#39;il</span> <span class='ocrx_word' id='word_1_896' title='bbox 2591 3996 2766 4036; x_wconf 78' lang='lat' dir='ltr'>trouvait</span> <span class='ocrx_word' id='word_1_897' title='bbox 2781 3995 2897 4036; x_wconf 78' lang='lat' dir='ltr'>dan.</span> 
     </span>
    </p>
   </div>
  </div>
 </body>
</html>
