3016 4628
279 288 370 331 252

275 385 311 431 δ’
350 381 529 435 ἐκείνους
569 379 821 445 ἐλέγχοντας
844 378 1050 436 ἐξετάζειν
1084 377 1347 443 Δικαίαρχόν
1386 396 1432 424 τε
1473 376 1546 423 καὶ

281 452 582 519 Ἐρατοσθένη,
606 452 678 499 τὸν
707 453 948 499 τελευταῖον
972 449 1413 515 πραγματευσάμενον
1447 447 1546 511 περὶ

273 523 571 590 γεωγραφίας,
610 523 685 571 καὶ
727 522 924 585 Πυθέαν,
964 522 1032 588 ὑφ’
1075 514 1123 568 οἷ
1167 522 1546 585 παρακρουσθῆναι

272 595 476 655 πολλοὺς,
494 593 601 654 ὅλην
629 594 707 658 μὲν
726 593 804 653 τὴν
829 593 1118 660 Βρεττανικὴν
1144 592 1331 654 ἐμὸαδὸν
1356 590 1544 638 ἐπελθεῖν

272 669 534 734 φάσκοντος,
566 666 643 724 τὴν
677 666 722 714 δὲ
751 666 1002 731 περίμετρον
1026 664 1231 712 πλειόνων
1263 662 1290 720 ἢ
1330 662 1543 726 τεττάρων

272 740 488 805 μυριάδων
511 737 739 792 ἀποδόντος
768 742 843 795 τῆς
872 737 1002 795 νήσου
1017 774 1031 799 ,
1054 733 1462 801 προσιστορήσαντος
1498 729 1543 806 δὲ

272 813 345 860 καὶ
363 813 417 859 τὰ
441 812 538 876 περὶ
558 814 634 868 τῆς
651 811 822 869 Θούλης
846 812 918 857 καὶ
934 813 1017 856 τῶν
1034 809 1174 856 τόπων
1198 806 1385 862 ἐκείνων,
1419 807 1461 851 ἐν
1485 807 1544 856 οῖς

271 884 368 932 οὔτε
391 888 447 947 γῆ
467 884 562 931 καθ’
582 882 714 941 αὑτὴν
732 886 920 947 ὑπῆρχεν
939 883 999 928 ἔτι
1014 881 1107 929 οὔτε
1125 879 1314 926 θάλαττα
1334 877 1420 925 οὔτ’
1439 875 1540 940 ἀὴρ,

273 956 384 1004 ἀλλὰ
408 955 624 1020 σύγκριμά
652 974 692 1001 τι
731 957 777 1001 ἐκ
801 953 959 1001 τούτων
987 952 1193 1013 πλεύμονι
1217 948 1431 1012 θαλαττίῳ
1458 949 1540 994 ἐοι-

270 1029 367 1087 κὸς,
391 1030 435 1075 ἐν
456 1020 492 1093 ᾧ
523 1045 627 1092 φησι
658 1026 733 1083 τὴν
759 1029 836 1087 γῆν
860 1024 933 1071 καὶ
957 1022 1031 1080 τὴν
1057 1025 1268 1070 θάλατταν
1295 1020 1542 1095 αἰωρεῖσθαι

271 1100 345 1147 καὶ
367 1100 422 1147 τὰ
446 1099 698 1162 σύμπαντα,
721 1098 794 1144 καὶ
824 1101 967 1144 τοῦτον
991 1099 1048 1146 ὡς
1073 1093 1123 1140 ἂν
1145 1092 1298 1153 δεσμὸν
1324 1095 1429 1137 εἰναι
1454 1093 1536 1136 τῶν

270 1171 399 1234 ὅλων,
425 1170 533 1233 μήτε
554 1169 756 1234 πορευτὸν
783 1167 889 1230 μήτε
907 1165 1073 1213 πλωτὸν
1094 1164 1363 1228 ὑπάρχοντα·
1389 1163 1437 1209 τὸ
1461 1160 1538 1224 μὲν

272 1236 343 1290 οὖν
361 1246 423 1307 τῷ
447 1242 651 1305 πλεύμονι
676 1240 803 1293 ἐοικὸς
824 1238 948 1292 αὐτὸς
964 1237 1221 1303 ἑωρακέναι,
1245 1235 1382 1282 τᾶλλα
1401 1234 1444 1281 δὲ
1467 1236 1537 1281 λε’-

269 1334 358 1376 γειν
392 1315 433 1369 ἐξ
459 1317 606 1371 ἀκοῆς.
634 1316 674 1361 Τ
679 1317 788 1359 αῦτα
814 1311 890 1374 μὲν
919 1311 971 1357 τὰ
1002 1314 1074 1357 τοῦ
1103 1307 1292 1367 Πυθέου,
1323 1307 1396 1355 καὶ
1432 1307 1536 1352 διότι

268 1385 509 1433 ἐπανελθὼν
547 1385 706 1432 ἐνθένδε
735 1391 877 1429 πᾶσαν
919 1382 1086 1429 ἐπέλθοι
1111 1379 1188 1438 τὴν
1222 1384 1532 1443 παρωκεανῖτιν

263 1461 342 1515 τῆς
368 1456 577 1521 Εὐρώπης
602 1457 685 1503 ἀπὸ
704 1455 917 1519 Γαδείρων
938 1454 1014 1507 ἕως
1034 1453 1259 1506 Τανάϊδος.

333 1529 456 1586 Φησὶ
487 1529 522 1575 δ’
546 1521 615 1575 οὗν
650 1527 673 1570 ὃ
719 1526 930 1580 Πολύὸιος
955 1526 1131 1573 ἄπιστον
1160 1524 1232 1571 καὶ
1257 1523 1357 1570 αὐτὸ
1386 1527 1533 1579 τοῦτο,

274 1603 358 1654 πῶς
384 1599 528 1662 ἰδιώτῃ
562 1599 769 1663 ἀνθρώπῳ
790 1599 862 1646 καὶ
889 1597 1038 1656 πένητι
1067 1597 1120 1643 τὰ
1140 1601 1325 1643 τοσαῦτα
1354 1594 1533 1650 διαστή-

269 1690 385 1732 ματα
409 1670 557 1717 πλωτὰ
582 1671 655 1716 καὶ
678 1670 863 1734 πορευτὰ
883 1670 1067 1733 γένοιτο’
1094 1668 1164 1716 τὸν
1186 1667 1221 1714 δ’
1247 1664 1531 1731 Ἐρατοσθένη

267 1742 607 1806 διαπορήσαντα,
634 1745 668 1788 εἰ
691 1743 775 1807 χρὴ
801 1742 1012 1789 πιστεύειν
1036 1741 1220 1798 τούτοις,
1239 1738 1352 1801 ὅμως
1371 1737 1468 1801 περί
1488 1757 1532 1784 τε

273 1817 339 1870 τῆς
366 1818 647 1877 Βρεττανικῆς
666 1813 993 1861 πεπιστευκέναι
1018 1814 1089 1860 καὶ
1109 1816 1190 1859 τῶν
1210 1810 1322 1858 κατὰ
1346 1811 1531 1874 Γάδειρα

265 1887 337 1932 καὶ
362 1886 435 1943 τὴν
458 1886 668 1950 Ἰὅηρίαψ
693 1886 801 1933 πολὺ
827 1886 872 1933 δέ
898 1906 1000 1951 φησι
1023 1886 1185 1949 βέλτιον
1210 1888 1269 1949 τῷ
1299 1883 1532 1953 Μεσσηνίῳ

264 1958 473 2004 πιστεύειν
514 1957 540 2013 ἢ
566 1959 712 2023 τούτῳ.
744 1958 799 2006 ‘O
821 1957 965 2020 μέντοι
989 1978 1035 2021 γε
1070 1960 1127 2011 εἷς
1152 1956 1251 2019 μίαν
1276 1955 1422 2020 χώραν
1455 1955 1531 2013 τὴν

267 2029 495 2093 Παγχαίαν
519 2028 632 2091 λέγει
655 2033 860 2077 πλεῦσαι·
887 2034 908 2077 ὁ
929 2029 972 2077 δὲ
994 2030 1067 2077 καὶ
1099 2029 1226 2093 μέχρι
1250 2032 1332 2075 τῶν
1360 2033 1432 2075 τοῦ
1461 2028 1532 2074 κό-

263 2120 372 2161 σμου
387 2101 580 2165 περάτων
602 2103 947 2149 κατωπτευκέναι
961 2102 1036 2160 τὴν
1050 2103 1334 2166 προσάρκτιον
1348 2105 1423 2158 τῆς
1445 2102 1531 2149 Εὔ-

262 2173 405 2234 ρώπης
428 2181 586 2231 πᾶσαν,
605 2174 656 2230 ἣν
681 2174 766 2220 οὐδ’
795 2173 843 2221 ἂν
866 2177 926 2239 τῷ
951 2173 1098 2239 Ἑρμῇ
1124 2174 1349 2221 πιστεύσαι
1379 2193 1440 2228 τις
1461 2172 1531 2220 λέ-

261 2261 387 2304 γοντι.
407 2244 688 2309 Ἐρατοσθένη
711 2245 755 2291 δὲ
779 2245 849 2292 τὸν
874 2245 950 2307 μὲν
968 2245 1194 2311 Εὐήμερον
1215 2248 1423 2310 Βεργαῖον
1446 2265 1528 2293 κα-

259 2314 362 2376 λεῖν,
391 2315 534 2379 Πυθέᾳ
551 2316 595 2362 δὲ
613 2316 823 2363 πιστεύειν
840 2355 852 2378 ,
879 2317 952 2364 καὶ
973 2321 1109 2364 ταῦτα
1135 2318 1242 2380 μηδὲ
1262 2318 1531 2382 Δικαιάρχου

258 2387 570 2441 πιστεύσαντος.
592 2388 655 2436 Τὸ
677 2389 753 2450 μὲν
774 2382 845 2436 οὖν
863 2388 969 2451 μηδὲ
984 2390 1247 2456 Δικαιάρχου
1267 2391 1532 2437 πιστεύσαν-

257 2524 310 2562 ait
329 2524 464 2563 missos
479 2526 603 2565 facere
615 2556 625 2575 ,
644 2527 683 2565 in
696 2538 763 2566 eos
780 2530 913 2567 autem
928 2528 1128 2579 inquirere
1143 2529 1262 2579 velle,
1275 2539 1299 2567 a
1314 2529 1458 2579 quibus
1473 2528 1531 2567 illi

258 2590 347 2627 sunt
371 2589 610 2638 reprehensi,
629 2592 672 2629 ut
690 2591 957 2631 Dicaearchum
974 2595 1012 2631 et
1033 2592 1355 2641 Eratosthenem,
1377 2593 1447 2642 qui
1466 2593 1531 2631 ul-

260 2652 376 2689 timus
390 2654 658 2703 geographiam
674 2656 871 2706 tractarit,
889 2658 928 2696 et
948 2657 1153 2707 Pytheam‚
1169 2657 1237 2707 qui
1250 2657 1387 2696 multis
1401 2657 1531 2708 impo-

259 2715 378 2752 suerit
401 2731 408 2753 :
431 2715 535 2754 hunc
564 2718 664 2756 enim
686 2720 907 2769 perhibere,
929 2721 1053 2760 totam
1085 2721 1246 2771 quidem
1276 2721 1522 2760 Britanniam

261 2778 421 2826 pedibus
437 2790 476 2818 se
492 2791 720 2832 peragrasse,
735 2784 927 2824 ambitum
940 2787 1072 2825 autem
1085 2786 1225 2826 insulae
1244 2786 1437 2836 majorem
1450 2797 1533 2826 esse

260 2841 515 2891 quadraginta
540 2845 752 2885 stadiorum
776 2848 948 2888 millibus
967 2866 975 2888 :
994 2851 1081 2889 tum
1097 2850 1147 2890 de
1169 2850 1298 2890 Thule
1320 2851 1360 2890 et
1375 2850 1458 2890 istis
1476 2850 1531 2889 lo-

261 2904 316 2942 cis
339 2904 391 2942 ita
420 2916 595 2955 narrare,
618 2920 743 2958 neque
766 2898 911 2950 terrani
926 2913 979 2951 ibi
1006 2924 1123 2963 porro
1149 2924 1253 2962 esse,
1276 2924 1405 2963 neque
1423 2924 1532 2953 mare

267 2977 392 3016 neque
412 2978 541 3008 aerem
566 2982 654 3020 quae
677 2974 828 3023 proprie
848 2978 1056 3026 vocantur,
1089 2977 1158 3016 sed
1176 2977 1379 3027 quippiam
1402 2988 1453 3016 ex
1471 2977 1532 3016 his

261 3033 511 3081 concretum,
536 3034 727 3081 pulmonis
749 3038 887 3076 marini
906 3039 1052 3090 simile,
1073 3040 1113 3080 in
1129 3051 1208 3090 quo
1236 3041 1343 3080 terra
1365 3041 1405 3080 et
1423 3051 1532 3080 mare

261 3094 380 3142 atque
403 3095 580 3135 universa
607 3099 785 3139 sublimia
805 3102 1018 3152 pendeant,
1042 3105 1198 3155 hocque
1215 3115 1299 3145 esse
1319 3105 1431 3155 quasi
1447 3105 1533 3144 vin-

262 3157 397 3197 culum
414 3160 607 3211 universi,
636 3174 760 3214 neque
773 3167 933 3216 pedibus
951 3179 1150 3210 accessum
1161 3200 1173 3220 ,
1190 3181 1320 3221 neque
1338 3170 1529 3220 navibus;

261 3232 308 3258 ac
325 3222 521 3271 pulmonis
535 3226 659 3266 simile
675 3228 769 3268 illud
783 3242 823 3270 se
834 3231 962 3281 ipsum
975 3234 1129 3283 vidisse;
1146 3236 1276 3275 cetera
1292 3235 1430 3274 auditu
1445 3245 1532 3285 per-

263 3287 374 3333 oepta
390 3287 544 3327 referre.
565 3292 657 3328 llaec
675 3293 858 3341 Pytheam
883 3295 1013 3336 dicere
1024 3327 1035 3345 ‚
1048 3297 1166 3348 idque
1181 3298 1324 3338 addere
1337 3328 1348 3347 ,
1365 3298 1456 3338 inde
1472 3308 1532 3338 re-

264 3358 417 3387 versum
441 3350 630 3400 quidquid
648 3356 813 3405 Europae
837 3359 1034 3408 regionum
1050 3363 1109 3400 est
1127 3361 1177 3400 ad
1195 3365 1399 3401 Oceanum
1423 3372 1531 3412 pera-

264 3422 390 3459 grasse
402 3442 412 3457 ,
429 3424 451 3451 a
467 3414 640 3454 Gadibus
659 3418 708 3455 ad
726 3421 871 3459 Tanain
887 3433 1022 3473 usque.

318 3476 499 3526 Polybius
517 3482 648 3520 autem
671 3482 706 3520 id
726 3495 880 3535 quoque
898 3486 1120 3528 incredibile
1139 3490 1192 3529 ait
1213 3501 1315 3539 esse,
1333 3490 1531 3540 privatum

265 3538 486 3590 hominem,
507 3552 674 3595 eumque
707 3557 937 3599 pauperem,
962 3552 1117 3591 tantum
1147 3553 1259 3603 spatii
1283 3554 1379 3593 mari
1411 3556 1530 3593 terra-

262 3614 339 3652 que
355 3604 535 3645 obivisse.
555 3609 846 3651 Eratosthenem
869 3617 999 3654 autem
1031 3617 1275 3658 dubitantem
1298 3619 1410 3659 hisne
1431 3621 1534 3659 esset

264 3665 359 3705 tides
374 3667 614 3719 adhibenda,
633 3674 762 3711 tamen
782 3686 871 3723 quae
890 3676 938 3716 de
963 3679 1181 3729 Britannia,
1208 3683 1382 3723 Gadibus
1407 3685 1448 3723 et
1469 3684 1534 3724 Ili-

260 3733 394 3779 spania
406 3732 456 3772 ab
474 3745 520 3774 eo
539 3735 722 3775 dicuntur
740 3739 943 3780 credidisse
974 3759 982 3781 ε
1002 3745 1123 3784 multo
1143 3748 1273 3786 autem
1291 3748 1440 3799 (inquit
1457 3750 1532 3788 Po-

264 3795 417 3846 lybius)
446 3801 659 3848 praestabat
699 3805 885 3843 Messenio
912 3808 1090 3858 eredere,
1119 3822 1238 3860 qnam
1259 3813 1430 3863 Pytheoe.
1462 3814 1534 3852 llle

262 3860 365 3900 enirn
380 3865 531 3903 tantum
546 3876 665 3906 unam
683 3868 719 3906 in
738 3869 929 3916 regionem
949 3874 1176 3914 Panchaeam
1194 3888 1234 3915 se
1247 3878 1447 3927 navigasse
1462 3878 1531 3927 ait;

266 3923 327 3961 liic
362 3921 703 3976 septentrionalem
734 3934 928 3982 Europam
951 3936 1170 3977 universam
1209 3951 1331 3990 usque
1360 3941 1409 3979 ad
1438 3941 1534 3981 fines

265 3988 399 4027 mundi
424 3992 676 4040 perlustrasse
695 3993 812 4045 dicit,
842 3997 947 4046 qnod
980 4010 1028 4037 ne
1055 4002 1247 4040 Mercurio
1282 4004 1440 4052 quidem
1471 4005 1533 4043 di-

264 4051 365 4090 renti
402 4054 591 4095 crateres.
634 4058 792 4098 Interim
825 4062 1116 4102 Eratostlwnem
1130 4094 1140 4113 ,
1169 4065 1235 4114 qui
1270 4067 1533 4108 Euhemernm

267 4114 467 4163 llergaeum
485 4121 674 4170 appellet,
705 4123 861 4171 Pythiae
882 4125 1055 4172 credere,
1072 4129 1190 4175 atque
1215 4129 1287 4165 boe
1304 4140 1351 4168 ne
1369 4132 1533 4171 Dicaear-

266 4178 340 4215 cho
357 4182 513 4228 «paidom
534 4184 730 4226 erodente.
755 4186 796 4226 ld
822 4188 980 4237 quidem
1003 4189 1211 4229 ridiculum
1233 4193 1286 4230 est
1303 4222 1312 4240 ‚
1337 4195 1442 4243 qnod
1466 4196 1533 4235 Di-

1240 270 1607 321 uicAEAacffl
1643 239 1939 319 Massssnn

1622 393 1707 437 τος,
1738 374 1922 437 γελοῖον·
1954 371 2100 434 ὥσπερ
2121 370 2268 434 ἐκείνῳ
2291 370 2438 418 κανόνι
2461 370 2710 436 χρήσασθαι
2733 374 2902 440 προσῆ·

1622 466 1712 506 κον,
1745 446 1840 493 καθ’
1881 438 1930 492 οὗ
1971 442 2196 496 τοσούτους
2233 442 2432 507 ἐλέγχους
2472 442 2598 498 αὐτὸς
2626 445 2905 512 προφέρεται·

1623 516 1954 581 Ἐρατοσθένους
1984 515 2027 562 δὲ
2067 514 2233 578 εἴρηται
2261 518 2288 571 ἡ
2322 514 2422 581 περὶ
2443 514 2499 561 τὰ
2534 516 2715 583 ἑσπέρια
2746 510 2926 567 καὶ-’τὰ-
2950 572 2955 574 η

1622 588 1804 655 ἀρκτικὰ
1826 592 1901 646 τῆς
1918 585 2132 651 Εὐρώπης
2156 586 2320 649 ἄγνοια.
2338 586 2452 633 Ἀλλ’
2472 587 2622 654 ἐκείνῳ
2641 587 2727 650 μὲν
2741 589 2815 638 καὶ
2829 579 2907 653 At-

1619 661 1817 725 καιάρχῳ
1849 658 2105 722 συγγνώμη,
2141 659 2229 712 τοῖς
2262 657 2323 720 μὴ
2354 659 2576 706 κατιδοῦσι
2612 659 2709 716 τοὺς
2730 661 2907 718 ’τόπους

1620 732 1825 785 ἐκείνους·
1847 730 2054 795 Πολυὸίῳ
2072 730 2116 777 δὲ
2137 729 2211 776 καὶ
2227 730 2504 794 Ποσειδωνίῳ
2521 730 2584 786 τίς
2599 730 2652 779 ἂν
2676 733 2903 797 συγγνοίη;
2947 723 2959 787 'ss

1621 802 1749 850 Ἀλλὰ
1779 801 1864 864 μὴν
1898 800 2114 855 Πολύὸιός
2133 800 2182 863 γε’
2205 802 2321 848 ἐστιν
2338 804 2361 848 ὁ
2383 803 2730 866 λαοδογματικὰς
2757 807 2904 861 καλῶν
2954 812 2961 850 s

1618 874 1870 938 ἀποφάσεις,
1889 872 1937 926 ἃς
1957 877 2176 920 ποιοῦνται
2196 872 2295 937 περὶ
2310 875 2394 920 τῶν
2416 875 2458 920 ἐν
2474 874 2638 934 τούτοις
2655 882 2744 930 τοῖς
2759 877 2904 932 τόποις
2965 870 2968 874 ’

1617 944 1920 1006 διαστημάτων
1954 945 2027 993 καὶ
2058 947 2100 991 ἐν
2134 943 2279 998 ἄλλοις
2309 946 2506 1004 πολλοῖς,
2538 947 2634 994 ἀλλ’
2656 948 2744 995 οὐδ’
2766 950 2814 996 ἐν
2843 941 2905 1004 οἷς

1621 1017 1805 1070 ἐκείνους
1829 1016 1996 1080 ἐλέγχει
2009 1016 2277 1080 καθαρεύων.
2304 1018 2398 1064 Τοῦ
2413 1021 2513 1079 γοῦν
2533 1019 2803 1084 Δικαιάρχου
2819 1015 2904 1084 μυ·
2953 1024 2958 1074 f

1616 1088 1726 1153 ρίους
1746 1088 1824 1152 μὲν
1847 1089 2036 1142 εἰπόντος
2057 1089 2154 1142 τοὺς
2175 1088 2246 1135 ἐπὶ
2268 1088 2442 1145 Στήλας
2461 1089 2548 1137 ἀπὸ
2571 1094 2647 1148 τῆς
2673 1093 2898 1141 Πελοπον-
2938 1109 2941 1113 “
2963 1105 2974 1151 ξς
3012 1099 3014 1150 ζ

1614 1161 1744 1217 νήσου
1763 1160 1981 1216 σταδίους,
2004 1161 2175 1215 πλείους
2196 1160 2239 1207 δὲ
2261 1160 2420 1208 τούτων
2444 1160 2541 1216 τοὺς
2563 1163 2635 1210 ἐπὶ
2645 1163 2716 1211 τὸν
2734 1163 2904 1230 Ἀδρίαν
3012 1177 3013 1183 ’

1614 1230 1744 1295 μέχρι
1781 1236 1855 1278 τοῦ
1886 1236 2054 1295 μυχοῦ,
2088 1236 2162 1279 τοῦ
2190 1231 2226 1278 δ’
2257 1231 2328 1279 ἐπὶ
2369 1232 2555 1291 Στήλας
2578 1234 2636 1282 τὸ
2665 1234 2797 1301 μέχρι
2826 1241 2903 1284 *τοῦ
2955 1258 2958 1259 ’
3010 1249 3014 1283 ἰ

1616 1307 1819 1368 Πορθμοῦ
1841 1303 2102 1368 τρισχιλίους
2127 1303 2382 1367 ἀποδόντος,
2402 1308 2458 1359 ὡς
2478 1306 2669 1369 γίνεσθαι
2690 1307 2903 1357 τὸλοιπὸν
3011 1293 3014 1326 2

1612 1377 1960 1440 ἑπτακισχιλίους
1974 1377 2020 1422 τὸ
2039 1376 2124 1424 ἀπὸ
2141 1379 2343 1441 Πορθμοῦ
2358 1376 2487 1443 μέχρι
2502 1379 2698 1437 Στηλῶν·
2711 1379 2808 1436 τοὺς
2821 1381 2901 1444 μὲν
2963 1417 2965 1419 ·
3010 1380 3014 1393 ’

1611 1447 1874 1513 τρισχιλίους
1888 1450 1961 1494 ἐᾶν
1976 1466 2120 1513 φησιν,
2139 1447 2214 1495 εἴτ’
2233 1441 2280 1495 εῧ
2295 1446 2596 1511 λαμὸάνονται
2613 1451 2698 1499 εἴτε
2714 1451 2792 1515 μὴ,
2806 1451 2904 1509 τοὺς
2951 1443 2956 1495 Ῐ
3009 1472 3011 1474 ·

1611 1521 1646 1567 δ’
1668 1521 2018 1585 ἑπτακισχιλίους
2040 1519 2292 1585 οὐδετέρως,
2323 1520 2418 1568 οὐδὲ
2443 1520 2521 1580 τὴν
2542 1522 2765 1589 παραλίαν
2779 1520 2905 1589 ἐκμε·
2965 1547 2967 1550 ’

1609 1597 1793 1657 τροῦντι,
1812 1592 1908 1641 οὔτε
1933 1592 2010 1651 τὴν
2031 1592 2102 1640 διὰ
2123 1591 2255 1655 μέσου
2273 1597 2347 1639 τοῦ
2364 1592 2590 1657 πελάγους.
2606 1594 2702 1654 Τὴν
2721 1595 2798 1659 μὲν
2817 1595 2902 1662 γὰρ

1611 1665 1830 1729 παραλίαν
1857 1665 2042 1713 ἐοικέναι
2068 1665 2245 1727 μάλιστ’
2272 1664 2462 1730 ἇμὸλείᾳ
2495 1665 2668 1732 γωνίᾳ,
2691 1666 2900 1735 βεὸηκυίᾳ

1610 1738 1682 1784 ἐπί
1701 1757 1746 1784 τε
1763 1742 1837 1786 τοῦ
1854 1741 2059 1803 Πορθμοῦ
2077 1737 2151 1785 καὶ
2167 1741 2252 1785 τῶν
2267 1739 2465 1798 Στηλῶν,
2483 1739 2673 1806 κορυφὴν
2686 1741 2724 1788 δ’
2741 1740 2901 1807 ἐχούσῃ

1611 1809 1830 1872 Νάρὸωνα
1846 1829 1856 1839 ·
1874 1809 1986 1858 ὥστε
2013 1809 2293 1858 συνίστασθαι
2312 1810 2520 1875 τρίγωνον
2551 1812 2678 1876 βάσιν
2704 1811 2806 1878 ἔχον
2824 1811 2902 1872 τὴν

1609 1881 1680 1929 διὰ
1705 1887 1779 1929 τοῦ
1811 1881 2023 1946 πελάγους
2048 1884 2231 1940 εὐθεῖαν,
2259 1881 2446 1948 πλευρὰς
2467 1882 2511 1930 δὲ
2540 1884 2620 1939 τὰς
2646 1884 2724 1943 τὴν
2742 1884 2902 1948 γωνίαν

1610 1955 1816 2008 ποιούσας
1842 1955 1920 2013 τὴν
1956 1957 2199 2019 λεχθεῖσαν,
2233 1947 2292 2001 ὧν
2315 1959 2342 2013 ἡ
2364 1954 2452 2019 Αμὲν
2482 1955 2568 2004 ἀπὸ
2591 1961 2666 2005 τοῦ
2695 1959 2902 2023 Πορθμοῦ

1611 2027 1741 2092 μέχρι
1781 2027 2017 2092 Νάρὸωνος
2053 2027 2215 2092 μυρίων
2241 2021 2331 2075 ἐστὶ
2363 2028 2438 2075 καὶ
2464 2028 2674 2076 πλειόνων
2703 2027 2731 2087 ἢ
2757 2030 2902 2077 διακο-

1612 2100 1714 2147 σίων
1740 2100 1811 2147 ἐπὶ
1831 2107 1919 2155 τοῖς
1936 2100 2091 2165 χιλίοις
2104 2137 2116 2158 ,
2137 2105 2165 2158 ἡ
2183 2098 2228 2146 δὲ
2246 2099 2376 2158 λοιπὴ
2401 2104 2544 2166 μικρῷ
2564 2100 2752 2165 [λοιπὸν]
2779 2102 2904 2149 ἐλατ-

1610 2172 1741 2219 τόνων
1759 2172 1786 2230 ἢ
1802 2173 2135 2238 ὀκτακισχιλίων
2147 2192 2158 2202 ·
2171 2172 2351 2235 καὶμὴν
2365 2175 2567 2221 πλεῖστον
2586 2172 2664 2235 μὲν
2680 2173 2903 2236 διάστημα

1609 2244 1694 2292 ἀπὸ
1711 2249 1786 2303 τῆς
1804 2245 2017 2311 Εὐρώπης
2034 2245 2104 2292 ἐπὶ
2120 2244 2198 2303 τὴν
2212 2245 2382 2304 Λιὸύην
2399 2246 2704 2310 ὁμολογεῖσθαι
2715 2243 2831 2293 κατὰ
2851 2244 2903 2293 τὸ

1609 2318 1878 2382 ’Τυρρηνικὸν
1894 2318 2081 2381 πέλαγος
2098 2316 2283 2365 σταδίων
2299 2320 2346 2366 οὗ
2361 2317 2568 2366 πλειόνων
2585 2316 2614 2375 ἢ
2630 2315 2900 2384 τρισχιλίων,

1610 2390 1722 2436 κατὰ
1733 2390 1779 2437 τὸ
1793 2391 1974 2455 Σαρδών
1980 2409 2040 2438 ιον
2051 2390 2095 2437 δὲ
2105 2389 2343 2453 λαμὸάνειν
2358 2389 2631 2454 συναγωγήν.
2641 2390 2758 2439 Ἀλλ’
2773 2388 2901 2448 ἔστω,

1607 2529 1836 2568 caearchum
1869 2530 2043 2580 profert,
2071 2529 2185 2580 quasi
2207 2540 2302 2569 vero
2323 2529 2534 2574 conveniat
2549 2539 2642 2571 eum
2668 2527 2796 2569 veluti
2811 2538 2902 2568 nor·

1606 2603 1711 2631 mam
1742 2593 1878 2643 sequi,
1894 2604 2016 2644 quem
2045 2593 2128 2644 ipse
2145 2593 2333 2644 Polybius
2362 2595 2424 2635 tot
2445 2591 2815 2644 reprehensionibus
2832 2591 2902 2646 „in-

1606 2657 1734 2695 cessit.
1759 2656 1921 2695 Dictum
1937 2658 1997 2697 est
2009 2658 2146 2696 autem
2162 2667 2284 2706 quam
2298 2656 2416 2696 suerit
2444 2656 2725 2711 Eratosthenes
2743 2654 2903 2711 ignarus

1606 2718 1862 2759 occiduarum
1878 2722 1920 2759 et
1935 2719 2303 2770 septentrionalium
2333 2723 2507 2770 Europae
2528 2719 2717 2770 partium⁴
2748 2720 2902 2759 Verum

1606 2783 1698 2822 huie
1721 2783 1881 2834 quidem
1902 2786 1942 2823 et
1964 2784 2197 2824 Dicaearcho
2213 2783 2345 2823 danda
2371 2784 2431 2824 est
2453 2784 2594 2833 venia,
2622 2783 2693 2834 qui
2714 2782 2804 2823 loca
2826 2781 2902 2823 ista

1605 2858 1686 2886 non
1703 2847 1960 2897 inspexerunt
1980 2863 1988 2886 :
2015 2847 2085 2887 sed
2102 2847 2266 2896 Polybio
2282 2848 2324 2886 et
2350 2846 2564 2886 Posidonio
2584 2846 2675 2897 quis
2699 2845 2901 2896 ignoscat?

1606 2910 1726 2960 Atqui
1741 2910 1774 2949 is
1787 2911 1847 2950 est
1867 2910 2054 2960 Polybius
2064 2940 2076 2959 ,
2094 2910 2163 2960 qui
2177 2920 2267 2960 quae
2279 2908 2329 2949 de
2344 2909 2489 2948 horum
2505 2908 2687 2953 locorum
2705 2904 2901 2949 distantiis

1605 2975 1645 3014 et
1667 2974 1753 3013 aliis
1774 2974 1909 3014 multis
1938 2974 1995 3013 illi
2021 2974 2252 3024 proferunt,
2273 2983 2297 3012 a
2315 2972 2435 3023 vulgo
2458 2973 2672 3023 conceptas
2694 2971 2901 3022 opiniones

1604 3040 1721 3078 vocat
1731 3051 1742 3088 ;
1758 3049 1886 3090 quum
1901 3049 1952 3078 ne
1962 3037 2004 3077 in
2025 3037 2086 3077 his
2100 3037 2282 3088 quidem,
2304 3037 2346 3076 in
2361 3036 2508 3087 quibus
2519 3033 2609 3076 illos
2631 3030 2898 3087 reprehendit,

1605 3103 1702 3142 vitio
1715 3105 1859 3143 careat.
1879 3106 2011 3151 Quum
2028 3103 2134 3143 enim
2150 3101 2407 3142 Dicaearchus
2419 3112 2443 3141 a
2462 3101 2734 3152 Peloponneso
2748 3100 2799 3140 ad
2818 3103 2900 3143 Go-

1604 3168 1765 3208 lumnas
1792 3169 1918 3208 stadia
1948 3170 2133 3208 numeret
2156 3168 2286 3208 decies
2311 3167 2443 3215 mille,
2465 3167 2527 3207 his
2550 3167 2667 3217 plura
2691 3176 2825 3218 usqne
2845 3165 2900 3208 ad

1606 3231 1790 3272 intimum
1817 3232 2008 3273 Adriatici
2027 3232 2138 3272 sinus
2166 3241 2364 3271 recessum
2378 3260 2389 3279 ,
2406 3232 2448 3271 et
2470 3229 2548 3270 tria
2574 3229 2699 3270 millia
2727 3228 2899 3280 assignet

1604 3297 1814 3336 intervallo
1829 3296 1938 3346 quod
1955 3296 2166 3346 porrigitur
2187 3306 2324 3335 versus
2339 3295 2561 3335 Columnas
2584 3291 2711 3344 usque
2725 3291 2778 3334 ad
2801 3294 2897 3340 Fre-

1605 3362 1693 3400 tum
1705 3389 1716 3409 ,
1733 3362 1778 3400 ut
1793 3359 1891 3399 fiant
1911 3359 1962 3399 de
1977 3360 2110 3399 cetero
2124 3370 2148 3398 a
2163 3361 2282 3399 Freto
2298 3369 2422 3408 usque
2437 3357 2490 3397 ad
2507 3357 2724 3406 Columnas
2744 3355 2896 3397 stadio-
2926 3405 2930 3408 ι

1607 3435 1697 3463 rum
1709 3424 1858 3474 septem
1875 3423 1999 3463 millia
2017 3423 2227 3474 :Polybius
2243 3422 2322 3471 ait,
2338 3421 2389 3461 de
2407 3420 2536 3460 tribus
2550 3420 2727 3461 millibus
2747 3430 2791 3460 se
2815 3430 2897 3460 non
2920 3418 2927 3441 ‘'

1605 3487 1807 3538 disputare
1818 3516 1829 3536 ,
1850 3497 1995 3527 verene
2014 3498 2065 3526 an
2083 3487 2179 3526 falso
2192 3485 2406 3537 ponantur,
2425 3483 2494 3524 sed
2509 3483 2586 3523 ista
2602 3486 2755 3534 septem
2771 3482 2897 3524 millia
2917 3479 2933 3536 ζ

1605 3562 1734 3601 neque
1746 3540 1955 3590 maritimae
1975 3560 2057 3589 orae
2071 3558 2267 3588 mensurae
2277 3577 2288 3597 ‚
2306 3556 2436 3597 neque
2450 3556 2519 3596 per
2531 3540 2721 3593 ‘medium
2733 3545 2898 3596 pelagus

1605 3615 1737 3656 ductae
1760 3616 1875 3656 lineae
1901 3614 2150 3666 respondere.
2178 3616 2278 3654 Nam
2298 3622 2411 3651 oram
2438 3611 2679 3670 maritimam
2713 3621 2798 3652 esse
2825 3621 2896 3663 ap·

1605 3680 1731 3731 prime
1744 3680 1911 3720 similem
1923 3678 2068 3729 angulo
2083 3677 2241 3725 obtuso,
2263 3678 2382 3716 Freto
2398 3677 2438 3715 et
2453 3675 2660 3716 Columnis
2679 3674 2891 3725 insistenti,
2912 3726 2919 3731 .

1606 3745 1718 3794 cujus
1732 3745 1871 3784 vertex
1885 3743 1937 3782 sit
1949 3742 2080 3783 Narbo
2099 3758 2107 3781 :
2123 3741 2179 3780 ita
2194 3742 2239 3780 ut
2250 3740 2515 3780 constituatur
2527 3739 2763 3790 triangulus,
2780 3739 2919 3791 cuius:

1606 3808 1710 3847 basis
1725 3808 1775 3847 sit
1791 3808 1897 3846 recta
1916 3806 2017 3845 linea
2036 3815 2106 3855 per
2122 3804 2250 3844 altum
2271 3803 2392 3844 ducta
2408 3813 2518 3843 mare
2529 3833 2541 3854 ,
2555 3804 2680 3843 latera
2701 3800 2919 3860 ωιῑοωῒίᾷ

1608 3873 1720 3912 lineis
1739 3871 1976 3918 efficiantur,
1992 3880 2085 3921 quae
2100 3869 2253 3909 dictum
2266 3868 2477 3908 includunt
2493 3869 2700 3918 angulum,
2721 3878 2850 3918 quoru
2881 3860 2921 3927 4⁴3

1607 3940 1756 3991 quoda
1772 3941 1887 3979 Freto
1903 3940 1962 3978 est
1991 3937 2214 3978 Narbonem
2237 3947 2388 3986 usque,
2413 3935 2538 3975 stadia
2566 3934 2688 3974 habet
2710 3928 2917 3982 undeciens

1608 4004 1717 4042 mille
1739 4002 1911 4042 ducenta
1929 4003 1969 4042 et
1995 4000 2165 4051 amplius
2179 4032 2190 4051 ,
2208 3999 2378 4039 alterum
2404 3999 2539 4050 paullo
2561 3998 2694 4042 minus
2712 3997 2782 4042 est

1610 4067 1829 4108 stadiorum
1842 4066 2016 4106 millibus
2042 4062 2114 4105 :ac
2130 4064 2400 4114 longissimum
2418 4061 2657 4115 quidemab
2674 4060 2831 4111 Europa
2856 4088 2858 4090 .
2888 4071 2907 4111 .·'·

1610 4131 1781 4172 Africam
1801 4130 2052 4170 intervallum
2081 4128 2301 4169 secundum
2329 4138 2437 4168 mare
2468 4122 2782 4177 Tyrrhenum-in
2805 4133 2850 4174 ο,
2869 4143 2921 4181 2.>

1610 4196 1707 4236 sesso
1732 4194 1865 4233 haberi
1889 4204 1967 4234 non
1998 4192 2166 4244 amplius
2185 4202 2267 4233 esse
2289 4194 2348 4232 ter
2368 4190 2474 4233 mille
2489 4188 2643 4238 stadiis,
2661 4186 2837 4237 miuus-‚ti
2863 4207 2884 4222 ,
2916 4187 2917 4190 ’
