3016 4628
318 273 410 312 270

322 366 408 407 hoc
438 361 587 406 Suidae
620 361 750 415 loro,
793 367 887 402 tum
921 373 974 401 ex
1012 357 1238 402 Cicerone
1274 361 1477 408 constat,
1513 353 1592 410 qui

324 437 645 479 Aristoxenum
669 430 933 476 Dicoearclei
956 429 1306 487 condiscipulum
1329 433 1478 470 vocat.
1511 425 1596 469 Di—

320 508 480 551 sertius
503 507 642 550 etiam
657 505 747 549 hoc
765 503 903 548 docet
918 506 973 549 A.
991 501 1163 547 Gellius
1181 501 1237 546 N.
1262 501 1317 543 A.
1338 499 1417 553 IV,
1440 512 1480 540 c.
1511 511 1529 539 1
1544 512 1559 538 1
1581 508 1592 540 :

319 579 416 623 Sed
431 581 726 622 Aristoxenus
742 577 946 620 Musicus
959 575 1213 618 Aristotelis
1223 570 1496 632 plze'losopht'
1511 584 1594 611 au-

319 651 453 694 ditor.
492 650 655 709 Operae
693 656 848 693 tamen
880 647 1085 707 pretium
1131 653 1197 689 est
1234 645 1323 687 hoc
1359 643 1594 699 aliquanto

323 722 510 766 uberius
529 722 776 781 explicare.
804 722 958 778 Quum
983 716 1260 771 Alexander,
1287 715 1438 758 occiso
1463 720 1595 772 patre

325 794 568 853 Philippo,
593 794 715 837 circa
738 793 922 851 Olymp.
955 805 1004 834 11
1020 805 1037 833 1
1069 803 1226 832 rerum
1255 787 1431 845 potitus
1451 790 1589 837 esset,

323 874 461 925 atque
480 866 769 923 Aristoteles,
790 865 869 923 qui
888 864 1034 922 ipsum
1058 861 1235 918 aliquot
1254 871 1398 901 annos
1419 855 1595 899 docue—

324 947 416 994 rat,
435 939 573 982 vitam
599 936 966 995 tranquilliorem
990 939 1243 991 quaeieret‚
1274 921 1486 971 deserere
1508 939 1593 968 re-

322 1024 426 1068 gem
446 1010 529 1053 sibi
554 1009 821 1069 proposuit,
844 1006 1005 1049 lelicto
1026 1002 1150 1061 apud
1169 1016 1274 1044 eum
1295 999 1591 1051 Callisthene,

323 1090 521 1140 cognato
541 1095 649 1134 suo,
679 1078 968 1134 Athenasque
991 1074 1126 1128 abiit,
1154 1086 1318 1131 quum,
1336 1070 1593 1128 Speusippo

324 1153 554 1211 ipsiusque
580 1151 811 1195 decessore
835 1147 1022 1191 Platone
1035 1144 1129 1202 jam
1154 1143 1370 1196 mortuis,
1400 1142 1448 1184 in
1470 1142 1594 1184 Aca-

324 1224 475 1269 ‹lemia
496 1224 685 1268 doceret
709 1223 990 1266 Xenocrates
1028 1231 1039 1262 :
1078 1216 1137 1260 ad
1174 1215 1302 1273 cujus
1332 1213 1592 1271 exemplum

325 1297 587 1340 Aristoteles
619 1294 820 1339 scholam
855 1290 1033 1350 aperuit
1055 1289 1103 1331 in
1137 1290 1289 1346 Lyceo
1328 1285 1583 1345 gymnasio,

325 1384 463 1427 quam
502 1384 586 1428 per
612 1368 705 1411 XII
738 1373 815 1409 aut
854 1364 969 1408 XIII
1001 1361 1217 1418 deinceps
1245 1372 1390 1402 annos
1420 1357 1590 1411 tenuit,

326 1439 374 1483 id
398 1449 486 1495 est,
513 1440 569 1483 ab
589 1439 769 1496 Olymp.
802 1452 818 1479 1
835 1451 850 1478 1
867 1451 915 1489 1,
940 1433 984 1478 3.
1005 1431 1094 1483 334
1119 1431 1178 1475 ad
1195 1431 1379 1490 Olymp.
1409 1433 1521 1482 114,
1548 1426 1590 1472 3.

325 1511 435 1556 322.
452 1509 897 1568 Aristoxenusigitur
909 1507 1026 1548 1nt1a
1040 1505 1131 1547 hoc
1148 1504 1368 1562 temporis
1389 1502 1586 1560 spatium

325 1582 500 1626 audivit
516 1581 804 1626 Aristotelem
817 1613 828 1634 ,
848 1587 892 1622 et
911 1576 1097 1635 quidem
1111 1609 1124 1634 ‚
1143 1583 1195 1618 ut
1212 1574 1410 1626 videtur,
1431 1588 1590 1632 quam-

324 1653 405 1697 diu
441 1655 474 1697 is
500 1654 686 1698 Athenis
709 1652 816 1706 suit,
842 1651 1014 1708 quippe
1038 1648 1204 1691 scholae
1231 1661 1465 1690 successor
1491 1644 1591 1689 fieri

323 1726 547 1783 sperabat.
576 1726 795 1767 Praeterea
817 1737 911 1764 non
934 1735 1078 1763 unum
1097 1728 1175 1762 aut
1198 1718 1292 1762 duo
1319 1733 1464 1762 annos
1486 1717 1590 1762 Ari-

321 1796 493 1840 stotelis
531 1796 775 1854 discipulus
812 1794 942 1837 fuisse
975 1792 1180 1845 videtur,
1222 1791 1304 1836 sed
1345 1791 1427 1835 diu
1463 1789 1590 1849 apud

324 1871 468 1928 ipsum
506 1869 702 1928 degisse,
743 1867 847 1925 quia
882 1866 1043 1909 habuit
1066 1862 1258 1925 μεγάλην
1281 1860 1404 1916 δόξαν
1440 1863 1482 1907 ἐν
1507 1861 1592 1914 τοῖς

326 1941 553 2002 ἀκροαταῖς
590 1941 662 1983 τοῦ
708 1934 1033 2000 Ἀριστοτέλους.
1078 1938 1124 1981 Si
1162 1938 1305 1997 igitur
1347 1937 1590 1980 Aristoxe-

322 2029 431 2056 num
451 2014 582 2056 XXV
604 2026 746 2056 annos
772 2020 928 2054 natum
947 2011 995 2053 in
1021 2010 1276 2054 Aristotelis
1302 2009 1589 2067 disciplinam

319 2086 515 2139 venisse,
550 2085 596 2126 in
629 2098 771 2142 eaque
805 2085 862 2127 VI
898 2091 976 2126 aut
1007 2084 1117 2128 VIII
1140 2097 1286 2126 annos
1320 2081 1590 2125 contrivisse

319 2156 532 2200 faciamus
567 2171 576 2198 ε
611 2163 706 2198 tum
742 2154 914 2198 incidet
946 2153 1040 2211 ejus
1072 2154 1283 2203 nativitas
1317 2154 1367 2197 in
1400 2154 1586 2212 Olymp.

325 2227 411 2270 105
438 2237 514 2271 aut
544 2226 645 2271 106.
674 2227 842 2270 Utrum
862 2242 974 2270 vero
1000 2227 1104 2285 quis
1128 2227 1248 2270 hanc
1273 2225 1591 2284 conjecturam

315 2300 510 2359 probet,
533 2313 697 2354 necne,
719 2299 833 2342 nihil
855 2314 1137 2359 magnopere
1155 2299 1313 2343 refert.

383 2393 402 2412 a
421 2374 601 2417 Mortuo
621 2374 877 2426 Aristotele,
906 2373 1058 2432 pergit
1072 2372 1251 2428 Suidas,
1271 2388 1407 2431 quum
1440 2371 1590 2416 Theo-

312 2446 549 2505 phrastum
586 2446 757 2490 scholoe
792 2461 1083 2489 successorem
1130 2446 1314 2489 videret
1353 2447 1580 2500 relictum,

317 2522 510 2562 convitiis
553 2524 791 2562 insectatus
823 2528 892 2562 est
925 2522 1210 2576 magistrum.
1245 2517 1441 2563 Videtur
1480 2518 1591 2576 qui-

320 2589 425 2634 dem
447 2591 743 2635 Aristoxenus
774 2590 1104 2634 maledicentiae
1126 2589 1389 2646 indulsisse,
1417 2591 1591 2650 quippe

320 2661 415 2719 ejus
436 2663 520 2706 alia
550 2678 630 2706 5110
664 2663 768 2706 loco
806 2663 1076 2706 habebimus
1108 2662 1282 2707 indicia
1306 2672 1589 2722 :propterea

322 2741 471 2777 tamen
496 2742 616 2777 tanta
652 2750 747 2778 non
769 2734 906 2779 debet
933 2749 1026 2778 esse
1047 2734 1197 2780 Suidae
1229 2737 1506 2791 auctoritas,
1538 2745 1593 2780 ut

324 2806 459 2864 ipsius
478 2805 596 2848 dicta
620 2807 789 2860 oraculi
812 2798 952 2850 ins'tar
969 2807 1232 2853 habeamus.
1258 2808 1419 2852 Obstat
1442 2809 1484 2851 ei
1499 2808 1591 2852 hoc

324 2877 428 2919 loco
445 2878 685 2921 Aristocles
697 2876 764 2939 (Ἴ,
787 2878 1003 2936 cujushac
1017 2880 1061 2922 in
1075 2894 1123 2923 re
1133 2878 1591 2937 majorisaestimanda

323 2958 388 2992 est
406 2950 670 3007 auctoritas,
690 2951 860 3008 quique
879 2950 1042 2995 diserte
1059 2951 1242 3010 prodit,
1262 2947 1590 2997 Aristoxenum

324 3037 551 3079 'nmquam
584 3026 671 3064 nisi
683 3022 1011 3080 perhonorifice
1040 3027 1298 3068 Aristotelis
1318 3030 1590 3070 mentionem

314 3090 488 3147 secisse
518 3092 600 3150 (fr.
633 3092 738 3152 35).
777 3093 987 3140 Ceterum
1016 3097 1128 3140 mihi
1162 3099 1464 3146 Aristoxenus
1493 3092 1591 3142 non

324 3163 507 3208 videtur
541 3180 596 3208 ex
635 3165 837 3210 instituto
871 3167 1195 3212 maledicentiae
1226 3169 1473 3226 studuisse,
1510 3170 1592 3215 sed

326 3237 413 3279 hoc
437 3237 590 3295 potius
608 3252 662 3280 ex
688 3239 824 3296 ipsius
845 3240 1046 3283 moribus
1069 3249 1111 3284 et
1134 3242 1319 3301 ingenio
1341 3258 1434 3286 esse
1456 3259 1590 3303 repe·

326 3308 513 3351 tendum
542 3323 552 3351 z
580 3316 629 3351 ut
645 3318 767 3353 recte
787 3309 843 3354 de
865 3312 961 3369 ipso
980 3311 1255 3368 judicaverit
1270 3314 1490 3360 Adrastus
1510 3332 1587 3376 ap.

328 3380 477 3425 I'rocl.
511 3381 556 3423 in
586 3381 698 3426 Plut.
724 3383 838 3425 'lim.
865 3385 950 3442 111
978 3381 1303 3443 p.192:‘'Ott
1327 3386 1374 3431 οὐ
1406 3385 1520 3433 πάνυ
1543 3386 1591 3433 τὸ

327 3444 432 3503 εἶδος
471 3449 574 3512 ἀνηρ
614 3451 764 3503 ἐκεῖνος
799 3453 1020 3513 μουσικὸς,
1054 3454 1147 3501 ἀλλ’
1183 3455 1296 3509 ὅπως
1330 3455 1380 3503 ἂν
1414 3457 1512 3521 δόξῃ
1549 3479 1590 3506 τι

325 3540 468 3568 καινον
490 3520 585 3582 λέγε
591 3540 625 3566 ιν
655 3541 705 3567 πε
691 3541 958 3586 ,φροντικως
998 3543 1086 3571 non
1118 3532 1360 3575 admodum
1385 3533 1593 3578 moribus

326 3598 453 3639 illum
471 3600 619 3638 ‘m'rum
640 3611 733 3639 esse
750 3602 983 3651 musicum,
1012 3601 1093 3643 sed
1113 3603 1248 3645 talem
1266 3635 1279 3658 ,
1302 3607 1377 3661 qm·
1395 3620 1591 3663 quocun-

324 3683 409 3728 que
431 3668 559 3711 modo
580 3672 680 3711 novi
702 3670 881 3727 aliquid
899 3671 1047 3714 dicere
1063 3683 1239 3730 quaerat
1267 3674 1365 3736 (⁴²⁴¹).
1388 3678 1499 3734 Quae
1519 3693 1592 3721 au·

327 3749 416 3785 tem
431 3739 490 3784 de
504 3741 760 3785 Aristoxeni
779 3741 961 3801 ingenio
981 3743 1121 3788 refert
1134 3746 1299 3793 AElian.
1314 3750 1365 3793 V.
1386 3749 1447 3792 H.
1462 3750 1591 3807 VIII,

373 3881 424 3929 (*)
439 3897 457 3915 a
477 3880 587 3931 Apud
606 3879 744 3919 Euseb.
757 3882 817 3919 Pr.
836 3883 905 3921 Ev.
924 3884 1009 3931 XV,
1028 3888 1164 3934 2,quae
1179 3886 1293 3926 verba
1307 3886 1477 3928 invenies
1493 3890 1593 3931 infra

324 3939 425 3979 inter
442 3940 656 3987 ingruente
674 3939 928 3979 Aristoxenici
949 3941 1076 3990 operis
1096 3942 1146 3982 de
1172 3946 1265 3983 Vita
1287 3947 1496 3987 Platonis
1522 3965 1540 3983 υ

373 3998 447 4046 (··)
463 4013 481 4029 «ι
499 3998 557 4036 lta
570 3996 674 4036 hunc
687 3996 816 4036 locum
837 3997 1112 4047 interpretatus
1127 4002 1184 4039 est
1202 4002 1430 4044 meibomius
1445 4005 1494 4044 ad
1512 4007 1592 4046 Ari·

324 4054 632 4094 5101111111111111.
659 4054 822 4094 Elem.l.
847 4056 1118 4102 1,‹tvidetur
1136 4060 1288 4099 ΕΙΔΟΣ
1312 4063 1503 4110 corrigere
1519 4075 1592 4103 vo-

325 4111 494 4206 (1115510111
512 4114 648 4208 11ῗοΣ
659 4140 671 4161 ,
687 4112 831 4163 quippe
852 4113 966 4153 vertit
979 4114 1200 4156 morae'bus:
1217 4117 1322 4167 quod
1336 4119 1495 4159 omnino
1507 4131 1592 4172 pro·

342 4180 412 4208 ›an‹
432 4180 496 4208 11111
517 4180 558 4206 ox

1246 249 1622 302 ARlSTOXENI
1660 247 2009 297 TARENTINI

1676 349 1729 393 13
1753 364 1764 396 :
1786 346 1971 408 Λέγουσι
1993 339 2135 391 δὲ’καὶ
2159 339 2446 407 Ἀριστόξενον
2470 342 2532 406 τῷ
2556 339 2712 406 γέλωτι
2734 339 2816 389 ἀνὰ
2839 341 2953 407 κρά-

1669 439 1736 473 τος
1758 418 1962 480 πολέμιον
2000 413 2218 479 γενέσθαι·
2267 417 2427 459 dicunt
2453 420 2596 460 etiam
2632 418 2956 462 Aristoxenum

1668 497 1781 536 risui
1800 493 1944 536 valde
1953 489 2109 547 sitisse
2127 489 2457 542 adversarium,
2492 503 2550 532 ex
2566 487 2731 532 eadem
2749 488 2956 535 fabella-

1669 581 1773 609 rum
1797 563 1982 607 offlcina
1997 595 2010 617 ,
2041 576 2132 619 qua
2161 562 2277 604 risus
2304 560 2565 604 Democriti
2587 568 2727 619 atque
2748 561 2960 620 ploratus
3008 606 3011 609 .

1670 636 1915 690 Heracliti,
1946 634 2160 693 profecta
2178 631 2416 676 videntur.
2439 657 2504 664 —
2524 632 2652 676 Vixit
2681 632 2828 692 igitur
2847 634 2952 680 Ari-

1668 717 1886 751 stoxenus
1910 704 2200 765 temporibus
2222 702 2479 748 Alexandri
2503 704 2660 764 Magni
2688 713 2735 748 et
2755 718 2959 765 sequen-

1670 779 1814 833 tibus,
1848 778 2028 835 fuitque
2052 776 2239 835 aequalis
2266 775 2524 821 Dicaearchi
2557 777 2792 833 Messenii,
2819 785 2872 821 ut
2901 787 2960 835 ex

1669 850 1847 910 ultimis²
1863 849 2014 894 Suidae
2034 849 2188 892 verbis
2211 856 2420 907 apparet.
2442 849 2512 892 Ex
2538 849 2634 893 Cic.
2661 850 2797 893 Tusc.
2818 850 2857 907 1,
2883 848 2959 907 13,

1670 923 1807 965 etiam
1832 921 2072 976 discimus,
2096 921 2428 964 Aristoxenum
2460 920 2596 964 fuisse
2626 921 2848 980 aequalem
2869 922 2959 966 Di-

1669 995 1884 1049 caearchi,
1910 994 1993 1037 ubi
2030 994 2094 1038 ait
2130 993 2292 1038 Cicero
2328 1008 2339 1036 :
2373 992 2698 1037 Dicaearchum
2723 1008 2836 1038 vem
2857 991 2959 1044 eum

1669 1050 1962 1120 Aristoxeno,
2013 1067 2188 1125 oequali
2229 1075 2278 1109 et
2311 1066 2624 1125 condiscipulo
2654 1081 2756 1120 suo,
2804 1067 2960 1112 doctos
3006 1060 3011 1110 ἶ

1667 1154 1780 1182 sane
1816 1139 2040 1195 homines,
2078 1142 2356 1184 omittamus,
2389 1139 2545 1196 Quare
2581 1146 2706 1182 recte
2738 1135 2966 1185 refutavit}
3006 1136 3009 1173 ἶ

1669 1211 1850 1255 Vossius
1869 1213 1938 1255 De
1958 1211 2077 1255 Hist.
2100 1211 2184 1256 Gr.
2208 1212 2247 1266 Ι,
2280 1226 2322 1254 c.
2351 1225 2400 1270 9,
2421 1225 2633 1265 errorem
2659 1210 2851 1271 Cyrilti,
2886 1232 2897 1251 ι
2923 1216 2969 1266 ‘vj

1668 1282 1851 1325 Eusebii
1868 1283 2022 1327 verbis
2038 1282 2260 1341 deceptus
2279 1282 2606 1327 Aristoxenum
2628 1281 2751 1326 circa
2768 1281 2961 1344 Olymp.··
3006 1280 3009 1314 ἶ

1667 1355 1833 1398 XXIX
1857 1356 2018 1399 vixisse
2046 1355 2288 1419 perhibet,
2313 1355 2488 1414 quippe
2515 1355 2576 1411 is,
2602 1368 2742 1414 quem
2763 1368 2821 1410 eo
2850 1355 2948 1400 loc
3005 1361 3010 1378 ·’

1668 1427 2038 1482 citatEusebius,
2064 1442 2163 1470 non
2186 1435 2252 1471 est
2271 1427 2576 1471 Aristoxenus
2607 1431 2831 1482 musicus,
2858 1414 2962 1489 sed}

1667 1508 1718 1542 ut
1737 1509 1862 1543 recte
1885 1500 2097 1543 observat
2118 1500 2325 1556 Vossius,
2351 1500 2656 1544 Aristoxenus
2671 1509 2842 1560 poeta,
2868 1515 2956 1547 co<-
3004 1501 3006 1503 ’

1667 1573 1887 1631 gnomine
1924 1572 2205 1616 Selinuntius
2258 1571 2323 1631 (v.
2377 1571 2437 1618 fr.
2491 1569 2598 1625 55).
2641 1572 2859 1617 Ceterum
2898 1587 2946 1623 a·

1668 1660 1853 1688 omnem
1879 1644 1938 1689 de
1962 1653 2091 1701 aetate
2125 1645 2392 1690 Aristoxeni
2417 1637 2758 1689 dubitationem
2784 1644 2932 1690 tollen
2960 1674 2963 1675 ν

1668 1717 1775 1761 dam
1805 1716 2035 1762 sufficiant
2071 1719 2213 1778 ipsius
2252 1718 2399 1762 verba
2433 1717 2559 1777 apud
2593 1715 2857 1778 Porphgn.
2893 1715 2943 1762 5(

1667 1789 1726 1834 de
1749 1790 2020 1834 vadimonio
2045 1791 2270 1835 Damonis
2299 1799 2346 1834 et
2371 1790 2565 1834 Phintiae
2581 1823 2593 1845 ,
2617 1789 2678 1834 de
2708 1805 2805 1849 quo
2828 1803 2876 1834 se
2899 1803 2956 1835 ex

1665 1863 1892 1922 Dionysio
1922 1864 2255 1923 Syracusarum
2280 1872 2479 1922 tyranno
2502 1862 2731 1908 audivisse
2753 1861 2896 1908 refert
2932 1881 2953 1902 ν

1970 1971 2226 2017 SCRIPTA
2246 2018 2249 2022 ,
2260 1969 2610 2016 ARISTOXEN
2613 1971 2652 2015 Ι.

1732 2080 1895 2126 Suidas
1919 2097 1966 2126 v.
1986 2077 2269 2144 Ἀριστόξενος
2298 2095 2309 2126 :
2339 2076 2614 2133 Συνετάξατο
2632 2076 2678 2125 δὲ
2703 2076 2894 2141 ponent&
2928 2080 2957 2106 ’-

1666 2151 1741 2199 καὶ
1766 2152 1976 2218 φιλόσοφοι
2001 2152 2074 2200 καὶ
2093 2151 2284 2217 ἱστορίας
2298 2152 2373 2199 καὶ
2395 2151 2556 2206 παντὸς
2574 2151 2711 2205 εἴδους
2733 2149 2938 2205 παιδείας
2956 2199 2958 2201 ,

1665 2224 1739 2272 καὶ
1768 2227 1948 2290 ἀριθμοῦ
1976 2226 2342 2291 (ἀριθμοῦνταιὲ)
2366 2225 2496 2272 αὐτοῦ
2520 2222 2583 2271 τὰ·
2598 2222 2747 2289 pam«
2768 2220 2826 2279 εἷς
2845 2222 2955 2287 (ιη’.

1730 2300 1807 2344 Ad
1835 2302 1995 2346 classes
2023 2317 2050 2345 a
2079 2299 2223 2346 Suida
2243 2300 2467 2345 indicatas
2488 2314 2763 2346 revocemus
2797 2297 2957 2349 titulos

1665 2374 1942 2433 superstites.

1665 2469 1704 2512 Ι.
1742 2464 1941 2514 MusmA.

1804 2571 1846 2599 1.
1886 2551 1997 2615 Περὶ
2017 2555 2224 2615 μουσικῆς
2243 2553 2316 2615 (fr.
2341 2552 2403 2601 68
2422 2548 2558 2614 sqq.).
2579 2551 2864 2598 Laudaturl.
2882 2531 2962 2611 IY:

1882 2625 1993 2690 Περὶ
2014 2628 2226 2687 μουσικῆς
2243 2623 2491 2690 ἀκροάσεως
2519 2623 2630 2690 (77).
2915 2677 2920 2683 ‚

1834 2716 1844 2727 ·
1882 2697 1992 2763 Περὶ
2009 2698 2254 2762 ἁρμονικῶν
2272 2697 2513 2761 στοιχείων.
2534 2699 2564 2744 l.
2584 2700 2653 2743 ΙΙΙ
2673 2698 2940 2758 superstites

1837 2807 1847 2817 .
1889 2770 1999 2835 Περὶ
2024 2772 2240 2836 ῥυθμικῶν
2266 2769 2509 2834 στοιχείων.

1836 2880 1848 2892 .
1888 2842 1999 2908 Περὶ
2022 2842 2174 2891 τόνων.

1835 2954 1845 2964 .
1884 2914 1994 2980 Περὶ
2019 2917 2182 2980 ἀρχῶν.

1835 3025 1847 3035 .
1886 2987 1996 3053 Περὶ
2021 2987 2288 3050 μεταὸολῶν.

1837 3098 1847 3108 .
1887 3059 1998 3125 Περὶ
2023 3061 2166 3107 αὐλῶν
2183 3058 2261 3106 καὶ
2282 3057 2472 3123 ὀργάνων
2498 3058 2582 3120 (71
2611 3053 2761 3118 sqq.).

1800 3153 1849 3197 9.
1889 3133 1998 3198 Περὶ
2023 3134 2164 3179 αὐλῶν
2188 3130 2377 3196 τρήσεως
2403 3129 2516 3193 (67).

1773 3225 1848 3254 10.
1889 3206 1999 3271 Περὶ
2027 3208 2232 3271 τραγικῆς
2257 3203 2475 3269 ὀρχήσεως
2503 3203 2592 3265 (44
2613 3203 2743 3264 sqq).

1774 3298 1792 3329 1
1808 3298 1825 3326 1
1839 3316 1848 3326 .
1890 3278 2001 3344 Περὶ
2025 3277 2297 3341 μελοποιίας,
2314 3281 2377 3324 IV
2396 3279 2640 3349 minimum
2659 3277 2768 3323 libri
2788 3274 2864 3339 (Ἴ.

1801 3007 1828 3107 oon
1800 2643 1843 2962 oum->wgo

1668 3375 1729 3420 ΙΙ.
1766 3370 2128 3416 Ρ111105οΡ11101.

1804 3474 1844 3505 1.
1882 3454 2022 3517 Νόμοι
2043 3451 2311 3501 παιδευτικοί
2337 3452 2425 3515 (76
2449 3469 2518 3514 sq.
2532 3452 2566 3512 ).

1801 3547 1848 3578 2.
1887 3528 2028 3590 Νόμοι
2051 3525 2263 3575 πολιτικοί
2283 3525 2400 3590 (80).

1803 3603 1847 3650 3.
1887 3599 1999 3666 Περὶ
2030 3601 2316 3666 ἀριθμητικης
2343 3596 2454 3688 (81).

1803 3671 2184 3738 ί..11υθαγορικαὶ
2207 3669 2485 3736 ἀποφάσεις(
2497 3687 2522 3728 7
2548 3685 2652 3731 sqq.
2663 3665 2699 3733 ).

1669 3766 1754 3815 111.
1779 3762 2069 3808 l·l1s'roch.

1808 3866 1847 3897 1.
1888 3847 1982 3895 Βίοι
2006 3847 2170 3912 ἀνδρῶν
2203 3847 2251 3909 (1
2277 3845 2430 3906 sqq.)-

1804 3939 1851 3967 2.
1892 3919 2003 3985 Περὶ
2026 3919 2358 3985 τραγωδοποιῶν
2383 3918 2471 3982 (40
2498 3932 2600 3977 sqq·
2615 3914 2650 3977 )·

1723 4065 1774 4114 (*)
1805 4063 1935 4114 Hujus
1948 4064 2101 4114 operis,
2116 4062 2232 4112 cujus
2250 4061 2396 4101 librum
2412 4060 2603 4111 quartum
2620 4055 2757 4097 laudat
2779 4057 2856 4096 Por

1670 4123 1751 4161 rins
1770 4121 1820 4160 ad
1839 4121 2003 4161 Ptolem
2030 4131 2133 4160 mus.
2156 4131 2196 4170 p.
2222 4123 2323 4170 298,
2352 4117 2592 4158 mentionem
2620 4114 2726 4167 apud
2755 4113 2884 4176 Malis

1669 4191 1747 4219 non
1769 4191 1881 4230 tepet
1884 4190 1933 4219 10
2882 4185 2894 4195 ²
