3016 4628
52 503 58 507 ’
82 494 213 543 uncti
245 500 374 546 sunt,
400 490 464 533 sic
489 486 642 531 eidem
665 497 826 528 omnes
849 481 1030 526 auctori
1054 478 1219 523 deberi
1257 491 1358 520 non

51 556 256 622 '⁴·bito.
285 562 458 607 Contra
480 558 601 601 liber
629 553 763 618 Περὶ
788 550 1045 598 στάσεων
1068 552 1162 594 sive
1182 551 1254 594 De
1269 558 1359 593 sta-

76 638 180 684 bus
203 634 300 696 (De
315 630 635 678 rebellionibus
658 635 866 672 verterat
883 625 1069 671 Vossius
1084 657 1096 679 ,
1118 622 1355 682 probante

15 710 25 737 ἲ
119 706 264 769 erto)
300 702 611 751 vindicandus
642 709 708 746 est
726 699 897 745 Leonti
917 695 1257 750 Alabandensi,
1275 690 1360 740 Τέ-

53 795 176 838 -jmc
201 778 426 845 ῥητορικῆς
448 774 656 829 auctori,
693 773 816 816 inter
849 769 978 828 cujus
1002 782 1148 828 opera
1178 767 1271 811 ab
1259 781 1360 825 ipso

73 870 82 880 '¹
111 855 204 899 iam
235 849 379 898 Suida
401 853 815 894 commemoiatur.
838 843 973 890 Τευθ
990 837 1242 905 ραντικός
1265 839 1360 883 sive

56 933 129 965 „1-.
167 926 356 970 lamatio
385 922 444 965 de
474 918 750 964 Teuthrante
783 916 963 974 Mysioe
991 926 1122 971 rege,
1166 920 1213 956 et
1240 911 1361 954 liber

27 983 210 1061 Περὶ
238 996 311 1051 Βη
325 1010 386 1039 σα
399 1009 479 1038 ιου
504 992 579 1036 vel
602 979 831 1046 Βησάλου,
850 1002 966 1032 num
985 996 1112 1031 recte
1135 986 1362 1030 Aristote-

0 1068 160 1130 lico
198 1067 368 1114 Leonti
399 1064 717 1119 adscribatur,
757 1077 859 1106 non
903 1060 1050 1104 ausim
1086 1057 1360 1116 dijudicare.

24 1136 57 1188 θ’
58 1127 244 1203 Quodsi
257 1154 363 1184 cum
372 1135 676 1195 Bernhardyo
691 1131 991 1180 scribendum
1004 1129 1237 1190 putaveris
1252 1128 1317 1174 Πε
1300 1128 1363 1190 ερὶ

16 1207 337 1275 ϋζΒηρισάδου,
379 1225 431 1254 ea
474 1208 666 1268 scriptio
702 1207 754 1250 in
786 1204 1091 1264 Byzantinum
1124 1201 1363 1244 hominem

23 1277 63 1334 ζ’Ῐζ,
118 1283 188 1330 dit
203 1283 400 1343 optime3
420 1282 490 1325 sin
509 1277 840 1338 Alabandensi,
861 1277 1134 1322 Caricorum
1153 1273 1360 1327 auctori,

30 1349 334 1438 assignanda
357 1362 448 1410 est,
471 1352 726 1410 conjeceris
740 1351 930 1394 titulum
949 1349 1086 1392 fuisse
1111 1341 1222 1406 Περὶ
1237 1344 1361 1390 Μαυ-

4 1424 233 1491 Ὶ,βώλους
267 1428 303 1472 si
340 1427 544 1485 denique
575 1425 715 1468 lectio
747 1421 860 1484 Περὶ
886 1416 1080 1476 Βησαίου
1116 1416 1364 1478 probanda

3 1490 220 1558 'deque
262 1501 384 1544 Besae
426 1498 655 1558 AEgyptiae
696 1495 890 1540 oraculo
928 1490 1234 1550 intelligenda
1269 1498 1360 1545 est,

20 1566 62 1633 ’ᾗ
50 1572 292 1632 'quaeritur
319 1587 379 1615 an
411 1585 510 1614 non
527 1567 801 1614 referendus
823 1566 946 1610 liber
968 1565 1026 1608 sit
1052 1563 1113 1607 ad
1144 1564 1362 1606 Le0ntem

88 1645 314 1698 Uelloeum
347 1658 487 1702 quem
503 1642 562 1686 de
583 1638 1009 1699 mythologumenis
1029 1635 1365 1695 AEgyptiorum

20 1722 41 1762 ι
64 1717 295 1777 scripsisse
334 1716 568 1759 novimus.
613 1738 679 1746 ——
713 1713 941 1756 Praeterea
982 1706 1258 1752 Plutarchus
1294 1707 1365 1749 De

22 1801 32 1828 ⁵-
66 1783 182 1846 fluv.
217 1805 259 1835 c.
287 1803 315 1832 2
342 1797 389 1832 et
413 1791 471 1840 24
506 1786 720 1830 meminit
754 1785 923 1828 Leonis
952 1783 1176 1839 Byzantii
1213 1778 1255 1823 ἐν
1276 1779 1366 1830 τοῖς

26 1868 42 1910 {⁴5
61 1860 376 1916 ‘Bon-maxoic,
406 1869 453 1904 et
478 1858 522 1904 ἐν
549 1855 589 1919 γ’
621 1853 732 1919 Περὶ
757 1871 986 1915 ποταμων.
1021 1855 1090 1898 Ac
1123 1851 1280 1895 nescio
1307 1866 1367 1894 an

24 1931 27 1942 ²
63 1931 195 1996 'apud
219 1933 423 1978 eundem
453 1929 756 1976 Plutarchum
786 1928 884 1972 1.1.
913 1942 954 1970 c.
997 1941 1048 1969 11
1082 1939 1174 1983 pro
1205 1921 1369 1985 ἱστορεῖ

26 2058 29 2062 .
62 1999 145 2060 'Ia'
158 2021 263 2051 σων
282 2002 326 2049 ἐν
352 2007 439 2054 τοῖς
459 2002 697 2065 Θρακικοῖς
717 1999 1047 2060 reponendum
1064 1998 1120 2041 sit
1142 1992 1179 2042 ἵ..
1195 1993 1363 2041 ΛΕΩΝ

24 2067 31 2130 ¹⁴
67 2075 70 2078 ”
112 2086 290 2124 eterum
317 2076 525 2121 Boeotica
547 2075 626 2119 illa
654 2083 701 2118 et
733 2073 959 2118 Thracica
993 2069 1181 2115 nonnisi
1211 2077 1368 2128 partes

51 2151 224 2215 ¹operis
242 2146 354 2211 Περὶ
371 2148 600 2207 ποταμῶν,
620 2147 670 2189 in
684 2161 778 2204 quo
794 2143 927 2189 fluvii
946 2141 1204 2188 secundum
1224 2149 1369 2184 terras

48 2220 332 2283 bfflstrihuti,
361 2220 496 2264 fuisse
515 2227 652 2278 puto.
674 2219 743 2262 Ne
763 2233 870 2262 cum
892 2217 1249 2261 Weste1manno
1279 2211 1370 2274 (ad

34 2292 85 2338 ῗ
110 2307 196 2338 055.
227 2293 343 2337 Hist.
377 2307 425 2351 p.
455 2289 552 2351 70)
579 2297 742 2349 putem
771 2304 853 2346 ea,
888 2303 991 2346 quae
1035 2302 1060 2330 6
1092 2285 1370 2335 Βοιωτιακοῒς

31 2355 53 2422 f‘
79 2359 343 2410 ’1οῐατ61ιιι5
370 2363 531 2420 affert,
569 2378 626 2406 ex
658 2363 773 2406 belli
801 2361 993 2406 Phocici
1018 2359 1212 2402 historia
1240 2372 1370 2416 repe-

93 2437 154 2482 'ta
195 2452 316 2493 esse,
365 2435 441 2480 vel
478 2442 755 2494 argumento
798 2432 1042 2492 fragmenti
1085 2429 1366 2490 prohibeor.

40 2532 42 2535 ’
67 2510 320 2567 s'robabile
347 2523 460 2552 vero
481 2516 548 2551 est
569 2508 798 2551 Leontem
821 2505 953 2548 illum
976 2503 1371 2565 Pseudo-Plutar-

52 2575 149 2626 -3'11
181 2591 262 2627 aut
296 2581 484 2626 serioris
516 2579 601 2622 aevi
642 2579 883 2622 hominem
919 2591 1037 2631 esse,
1075 2584 1155 2620 aut
1196 2590 1372 2619 nomen

140 2653 355 2699 istotelici
374 2647 522 2696 nostri
545 2651 682 2695 fuisse
704 2651 967 2695 mentitum.
994 2674 1059 2682 -—
1079 2649 1373 2692 Memoratur

309 2741 388 2785 ap.
431 2724 577 2770 schol.
613 2723 773 2782 Apoll.
802 2721 962 2767 Rhod.
1001 2722 1074 2776 II,
1112 2735 1204 2779 297
1240 2721 1374 2763 Leon

260 2798 386 2856 cujas
413 2797 469 2842 ἐν
499 2793 791 2868 Περίπλῳ.
826 2797 887 2839 At
915 2808 1086 2838 vereor
1114 2808 1175 2836 ne
1209 2806 1373 2835 corru-

40 2861 98 2931 τ’
110 2877 208 2916 tum
235 2871 464 2915 scholium
495 2869 569 2917 sit.
594 2870 683 2913 Pro
710 2869 758 2912 οὑ
794 2862 1051 2927 μνημονεύει
1076 2882 1149 2910 και
1180 2861 1304 2910 Λέων
1330 2863 1372 2908 ἐν

33 2934 289 3035 ,ᾗῌερίπλῳ
331 2939 407 2988 καὶ
445 2937 725 3001 Δημοσθένης
766 2938 825 3000 (l.
863 2935 1166 2999 Τιμοσθένης)
1204 2936 1245 2981 ἐν
1285 2935 1372 2988 τοῖς

36 3011 278 3100 ῥιμέσιν,
300 3014 627 3076 reponendum
651 3022 741 3069 est,
768 3013 818 3056 ni
837 3012 1013 3056 fallor:
1043 3012 1092 3055 οὓ
1118 3028 1190 3071 μν.
1220 3007 1371 3056 Κλέων

157 3088 219 3150 τῷ
255 3084 353 3150 περὶ
386 3083 571 3146 λιμένων
606 3082 680 3130 καὶ
702 3085 743 3131 Γ
747 3102 810 3145 ιυ.
851 3093 923 3129 etc
969 3084 1190 3129 Similiter
1222 3078 1312 3128 Κλέ
1292 3099 1372 3127 ων

44 3164 51 3182 ¹
111 3177 166 3206 0
189 3157 312 3208 Λέων
336 3161 506 3221 legitur
521 3175 597 3220 ap.
616 3159 854 3204 Plutarch.
884 3158 1112 3202 Phocion.
1143 3172 1184 3200 c.
1214 3160 1298 3212 14,
1317 3163 1370 3198 ut

112 3233 223 3279 odo
237 3233 416 3278 monui.

10 3316 13 3322 “
124 3306 420 3367 --Fragmenta
443 3305 634 3350 Leontis
657 3304 941 3348 Aristotelici
967 3302 1191 3347 habemus
1222 3301 1373 3356 nulla,

72 3378 167 3427 f
206 3393 247 3422 r
275 3392 422 3422 unum
454 3377 612 3420 locum
643 3375 875 3430 Athenaei3
903 3388 1188 3433 quamquam
1214 3387 1273 3416 ne
1297 3372 1374 3416 hic

72 3459 82 3474 '
110 3450 152 3489 'u
171 3458 173 3460 ’
199 3464 272 3494 em
295 3447 578 3494 dubitationi
601 3447 759 3490 locum
781 3462 881 3490 non
903 3446 1142 3504 relinquit

56 3537 192 3738 ἐ
658 3659 772 3722 (ι)

57 3743 117 3826 ‘i'
152 3769 395 3816 Athenaeus
419 3772 535 3828 XII,
555 3787 604 3831 p.
636 3769 749 3830 550,
776 3773 851 3816 F:
885 3767 970 3816 Και
995 3767 1149 3816 Πύθων
1177 3766 1258 3812 δ’ὁ
1287 3768 1377 3813 Βυ-

40 3870 42 3872 -
112 3838 252 3896 ἄντιος
288 3841 450 3906 ῥήτωρ,
486 3844 544 3896 ὡς
585 3841 711 3890 Λέων
749 3843 914 3906 ἱστορεῖ
945 3844 968 3888 ὃ
1001 3839 1179 3898 πολίτης
1220 3842 1378 3897 αὐτου,

107 4047 109 4050 ¹
157 3979 193 4028 Ε
213 3949 488 4030 Pniupri
503 3982 753 4032 CONTRA
771 3979 1374 4040 BYZAN'riosBELto.)

102 4188 114 4194 ⁴
127 4169 240 4212 „Fuit
249 4166 540 4223 etiam'i'ython
555 4175 768 4225 Byzantius
788 4167 922 4214 orator
938 4176 952 4224 (
966 4175 1035 4214 vel
1052 4176 1198 4225 potius
1222 4175 1326 4212 Leon
1344 4174 1356 4222 )
1371 4201 1380 4219 ,

105 4196 117 4225 -d=
113 4130 121 4141 μ
100 4054 119 4077 a*

1110 306 1231 354 LEO
1263 274 1638 352 BYzA'NTIUS.

38 431 117 498 et
139 424 212 469 De
244 420 377 470 rebus
409 414 697 467 Alexandri,
733 411 803 455 uti
833 409 1116 470 argumentis
1150 408 1272 451 inter
1309 420 1355 450 se
1432 401 1544 448 πάνυ
1565 393 1618 459 ην
1643 398 1785 463 παχὺς
1807 398 1855 446 τὸ
1873 418 2019 461 σωμα·
2046 402 2119 448 καὶ
2145 403 2389 457 Βυζαντίοις
2411 405 2512 450 ποτὲ
2540 405 2723 452 στασιά-

2626 314 2718 353 8⁴29

1433 476 1553 528 ζουσι
1573 471 1678 536 πρὸς
1696 469 1907 527 ἀλλήλους
1930 474 2016 524 τοῖς
2030 473 2222 526 πολίταις
2236 477 2500 537 παρακαλῶν
2512 477 2569 531 εἰς
2581 477 2723 539 φιλίαν

1435 544 1604 607 ἔλεγεν,
1622 565 1640 585 «
1662 541 1824 606 Ὁρᾶτέ
1843 561 1919 604 με,
1941 541 2089 607 ἄνδρες
2102 546 2276 590 πολῖται
2290 539 2399 602 ,οἶός
2413 566 2501 592 ειιιι
2515 566 2563 593 το
2579 550 2723 607 σῶμα·

1439 615 1553 663 ἀλλὰ
1576 614 1650 662 καὶ
1669 616 1853 677 γυναῖκα
1879 612 1967 677 ἔχω
1984 615 2183 661 πολλῶ’
2165 620 2270 677 εμου
2290 617 2556 679 παχυτέραν.
2583 618 2724 666 σΟταν

1435 680 1507 735 ουν
1533 689 1798 748 ὁμονοῶμεν,
1815 685 1889 732 καὶ
1908 686 1957 731 τὸ
1981 685 2109 749 τυχὸν
2129 690 2245 747 ἡμᾶς
2264 688 2515 749 σκιμπόδιον
2541 689 2725 752 δέχεται·

1437 760 1510 808 ἐὰν
1530 759 1575 807 δὲ
1602 758 1930 820 στασιάσωμεν,
1961 757 2058 805 οὐδὲ
2082 762 2108 815 ἡ
2135 757 2344 820 σύμπασα
2366 760 2494 809 οἰκία.
2516 784 2533 801 »ι

1504 848 1655 907 Igitur
1685 845 1745 890 de
1767 845 1985 904 Pythone
2008 844 2058 890 h.
2098 845 2127 888 l.
2151 854 2418 900 narrantur,
2444 861 2545 904 quae
2571 847 2732 891 Suidas

1407 946 1411 950 ·
1438 930 1484 965 et
1499 919 1775 965 Plutarchus
1789 912 1857 963 'de
1876 920 2056 963 Leonte
2077 918 2269 962 tradunt
2282 951 2295 973 ,
2323 933 2379 962 eo
2397 926 2574 962 tantum
2598 919 2733 962 dissc-

1437 1002 1616 1049 rentes,
1639 991 1772 1051 quod
1790 999 1952 1035 nostro
1974 991 2082 1035 loco
2101 992 2334 1050 Byzantii,
2354 990 2479 1049 apud
2498 991 2602 1034 illos
2619 1006 2731 1034 vero

1438 1066 1631 1111 Athenis
1649 1079 1723 1109 res
1743 1073 1868 1124 gesta
1892 1063 2090 1110 dIcatur.
2112 1083 2130 1102 «
2149 1063 2242 1108 Sed
2255 1097 2267 1118 ,
2287 1064 2475 1123 opinor,
2500 1064 2732 1122 corrigen-

1440 1140 1526 1184 dus
1546 1139 1792 1183 Athenaeus
1820 1145 1866 1180 et
1895 1135 2199 1180 scribendum
2228 1131 2385 1181 Πύθων
2407 1132 2452 1180 δὲ
2469 1134 2492 1179 ὃ
2515 1134 2567 1180 Β.
2591 1132 2733 1197 ῥήτωρ

1439 1211 1601 1273 ἱστορεῖ
1618 1211 1675 1261 ὡς
1698 1205 1818 1255 Λέων
1842 1209 1865 1253 ὁ
1887 1206 2065 1262 πολίτης
2089 1207 2237 1254 αὐτοῦ.
2263 1228 2284 1247 n
2303 1210 2449 1252 Tom’.
2472 1207 2530 1251 ad
2548 1207 2734 1251 Suidani

1439 1285 1467 1328 l.
1494 1285 1524 1330 l.
1562 1283 1710 1328 Addit
1729 1280 2058 1340 Bernhardyus
2086 1296 2097 1324 ε
2127 1299 2146 1320 (ι
2170 1280 2311 1325 Haud
2331 1280 2501 1326 frustra
2527 1281 2737 1338 Toupius

1441 1355 1684 1399 contendit
1720 1354 1999 1398 Athenaeum
2040 1367 2135 1397 esse
2172 1352 2471 1398 mendosum.
2507 1353 2737 1397 Nimirum

1439 1427 1703 1486 Pythonem
1723 1425 1997 1484 Byzantium
2017 1432 2196 1468 constat
2216 1425 2498 1484 legationem
2518 1424 2577 1469 ad
2602 1427 2636 1470 A
2649 1426 2737 1468 the-

1440 1501 1620 1544 nienses
1647 1498 1814 1542 obiisse
1836 1495 1902 1561 (v.
1923 1497 2110 1542 Fabric.
2139 1498 2189 1540 in
2212 1498 2334 1542 Sext.
2356 1498 2531 1555 Empir.
2555 1513 2603 1556 p.
2627 1513 2738 1557 2973

1442 1571 1502 1616 cf.
1529 1573 1875 1615 Westermann.
1903 1568 2063 1614 Gesclz.
2090 1570 2138 1612 d.
2178 1584 2251 1626 gr.
2286 1571 2478 1614 Bereds.
2507 1570 2534 1629 §
2557 1570 2703 1625 62‚12
2726 1572 2736 1627 'J

1442 1644 1752 1699 clarissimam,
1771 1656 1968 1701 eamque
1987 1641 2320 1701 perturbandis
2338 1641 2542 1686 duorum
2565 1645 2740 1701 Byzan—

1442 1717 1619 1760 tiorum
1634 1714 1854 1759 facundia
1876 1714 2146 1773 potentium
2165 1715 2364 1774 negotiis
2385 1715 2489 1759 satis
2514 1725 2742 1774 opportu-

1442 1804 1577 1844 nam3
1599 1788 1792 1833 Leontis
1817 1786 2096 1830 industriam
2116 1788 2166 1830 in
2190 1786 2455 1832 domesticis
2473 1788 2611 1831 rebus
2633 1803 2743 1832 suo—

1443 1877 1550 1906 rum
1561 1861 1734 1905 civium
1754 1861 1892 1904 unice
1902 1859 2102 1919 positam
2122 1859 2497 1904 fuisse-videmus.
2516 1861 2740 1905 Praeterea

1445 1950 1548 1993 quae
1583 1934 1851 1993 desipientis
1892 1933 2016 1977 foret
2050 1933 2416 1992 argumentatio,
2453 1942 2505 1976 ut
2531 1933 2753 1992 publicus*

1445 2015 1608 2050 orator
1647 2007 1794 2050 risum
1841 2014 2152 2065 componeret
2203 2005 2561 2050 Atheniensium
2609 2005 2742 2049 allata

1445 2077 1655 2138 conjugii
1680 2079 1920 2122 mentione
1949 2078 2023 2121 vel
2054 2078 2257 2122 maxime
2287 2077 2509 2133 ridicula,
2534 2093 2635 2122 eam
2658 2092 2743 2137 ap-

1443 2160 1576 2210 paret
1598 2151 1672 2195 vel
1693 2150 2004 2210 peridoneam
2028 2150 2274 2209 exstitisse,
2299 2149 2336 2193 si
2357 2149 2547 2208 quidem
2571 2151 2740 2194 Leonti

1446 2223 1691 2267 discordiae
1730 2223 1886 2267 civiles
1928 2229 2076 2265 essent
2116 2221 2469 2280 componendae.
2504 2220 2643 2279 Cujus
2675 2223 2741 2266 rei

1445 2295 1676 2339 indicium
1697 2329 1709 2351 ,
1736 2303 1788 2338 ut
1807 2295 2083 2339 Athenaeum
2104 2295 2308 2350 mittam,
2326 2293 2468 2338 habet
2490 2294 2744 2338 Philostra-

1447 2377 1522 2411 tus
1537 2402 1549 2424 ,
1589 2369 1696 2412 loco
1738 2366 1858 2410 illud
1894 2382 1994 2410 non
2031 2382 2115 2410 suo
2153 2367 2454 2426 propositum
2489 2382 2499 2409 :
2542 2362 2615 2410 καὶ
2646 2383 2746 2429 πρε-

1447 2438 1614 2484 σὸεύων
1654 2437 1698 2484 δὲ
1730 2440 1834 2503 παρ’
1875 2436 2109 2494 Ἀθηναίοις
2139 2429 2278 2493 οὗτος,
2320 2438 2447 2483 ε’στα
2465 2436 2616 2492 σίαζε
2652 2436 2744 2499 μὲν

1447 2509 1623 2556 πολὺν
1652 2510 1755 2568 ἤδη
1789 2508 1989 2574 χρόνον
2015 2512 2040 2566 ἡ
2068 2507 2230 2563 πόλις
2250 2508 2341 2555 καὶ
2375 2507 2521 2573 παρὰ
2553 2508 2619 2555 τὰ
2642 2510 2743 2567 ἤθη

1448 2581 1795 2630 ἐπολιτεύετο
1822 2598 1832 2630 :
1859 2592 1998 2642 atque
2026 2593 2127 2626 tum
2152 2584 2519 2642 intemperantiae
2553 2585 2745 2627 crimine

1452 2658 1694 2717 Byzantios
1727 2656 1942 2717 flagrasse
1964 2655 2094 2700 haud
2130 2657 2269 2715 pauci
2292 2657 2542 2715 scriptores
2572 2665 2740 2700 testan-

1450 2741 1527 2775 tur
1561 2728 1644 2792 (V.
1673 2730 1878 2777 Meinek.
1905 2730 1955 2773 in
1976 2728 2222 2774 Menandr.
2243 2744 2292 2788 p.
2321 2728 2382 2772 26
2403 2745 2470 2788 sq.
2475 2727 2519 2789 ),
2542 2745 2744 2788 quorum

1448 2819 1568 2848 unus
1597 2805 1846 2849 Athenaeus
1868 2818 1917 2862 p.
1949 2806 2065 2859 442,
2087 2802 2120 2847 C
2153 2803 2248 2859 sive
2276 2802 2447 2846 AElian.
2475 2804 2529 2848 V.
2555 2802 2616 2847 H.
2653 2803 2744 2855 ΙΙΙ,

1457 2880 1510 2927 14
1527 2909 1539 2932 ,
1560 2891 1701 2934 quem
1723 2859 1981 2918 nominavit
1996 2875 2247 2918 Leonidem
2267 2874 2524 2932 imperatoi
2528 2889 2619 2934 em
2639 2889 2742 2917 eum

1449 2949 1567 2992 nihil
1592 2949 1803 3007 suspicor
1834 2947 1892 2990 ab
1914 2948 1953 2991 I
1957 2955 2095 2991 eonte
2119 2955 2280 2990 nostro
2307 2946 2586 3006 discr.epare
2611 2948 2747 2990 Hum

1450 3023 1562 3067 item
1586 3021 1721 3066 decet
1742 3030 1788 3065 et
1804 3020 1982 3064 dictum
2002 3036 2027 3064 a
2046 3019 2299 3063 Plutarcho
2329 3018 2447 3079 (Nic.
2467 3035 2508 3065 e.
2533 3019 2608 3078 22)
2628 3034 2746 3078 pro*

1452 3095 1603 3139 ditum
1624 3102 1669 3138 et
1689 3102 1881 3138 eventus
1908 3093 2073 3136 mortis
2100 3092 2158 3135 ab
2181 3093 2282 3151 ipso
2305 3102 2470 3151 sponte
2492 3101 2744 3151 susceptus.

1450 3170 1521 3212 De
1558 3167 1782 3212 Athenaeo
1817 3174 1973 3210 tamen
1996 3180 2096 3208 non
2127 3164 2242 3209 libet
2279 3163 2496 3219 definire,
2525 3180 2669 3222 quum
2702 3174 2747 3207 et

1453 3255 1664 3285 errorem
1696 3240 1774 3283 ille
1797 3239 2006 3298 potuerit
2037 3252 2196 3281 rerum
2221 3237 2523 3281 similitudine
2548 3237 2743 3280 commi·

1451 3314 1556 3357 sisse
1578 3322 1624 3356 et
1649 3312 1882 3356 correctio
1917 3319 2085 3370 praesto
2113 3311 2171 3354 sit
2196 3309 2324 3353 haud
2347 3310 2577 3363 violenta,
2606 3324 2742 3367 quam

1453 3386 1679 3444 epitomes
1702 3384 1933 3442 scriptura
1956 3381 2255 3426 commendat
2283 3397 2293 3425 :
2317 3378 2391 3426 καὶ
2419 3378 2573 3427 Πύθων
2596 3379 2632 3425 δ’
2650 3382 2672 3424 ὁ
2694 3381 2744 3426 Β.

1455 3454 1621 3519 ῥήτωρ,
1665 3453 1717 3511 ἢ,
1759 3457 1814 3506 ὡς
1859 3455 2093 3516 ἱστορεῖται
2135 3450 2258 3499 Λέων
2298 3454 2320 3497 ὃ
2372 3451 2549 3507 πολίτης
2596 3452 2741 3497 αὐτοῦ.

1454 3530 1680 3575 Omnibus
1696 3529 1838 3587 igitur
1851 3527 2091 3587 perpensis
2107 3527 2266 3571 saltem
2282 3526 2595 3569 obtinebimus
2608 3525 2744 3569 Athe-

1454 3602 1684 3646 niensium
1701 3615 1878 3644 nomen
1900 3600 1959 3644 ab
1982 3600 2173 3643 Leontis
2189 3600 2414 3643 memoria
2440 3613 2630 3658 prorsus
2651 3612 2741 3641 essi·

1453 3672 1809 3719 removendum.
1836 3690 1852 3713 ι

1521 3769 1620 3827 Ego
1640 3781 1861 3826 propono
1887 3780 1898 3811 :
1923 3762 2079 3810 Πύθων
2102 3765 2124 3809 ὁ
2143 3762 2371 3818 Βυζάντιος
2390 3761 2531 3827 ῥήτωρ
2557 3759 2583 3817 ἢ
2602 3758 2738 3808 Λέων.

1456 3840 1511 3890 ὡς
1531 3835 1654 3885 Λέων
1681 3837 1845 3900 ἱστορεῖ
1866 3839 1888 3882 ὁ
1908 3834 2087 3892 πολίτης
2113 3837 2259 3883 αὐτοῦ.
2287 3837 2520 3881 Facillime
2547 3835 2738 3877 alterum

1455 3974 1671 4025 aliquando
1694 3974 1797 4014 inter
1820 3974 2031 4024 Byzantios
2049 3973 2208 4012 dissidio
2220 4002 2230 4020 ,
2249 3972 2298 4010 ad
2314 3968 2563 4009 concordiam
2582 3968 2742 4006 hortans

1456 4039 1583 4086 cives,
1603 4038 1704 4078 dixit
1725 4049 1736 4076 ε
1760 4053 1780 4072 «
1801 4037 1955 4078 Videtis
1971 4048 2036 4076 me
2051 4067 2062 4086 ,
2084 4048 2107 4075 0
2133 4036 2239 4075 cives
2252 4066 2262 4084 ,
2281 4034 2386 4085 quali
2404 4033 2477 4072 sim
2494 4042 2656 4081 corpore
2674 4046 2683 4069 ι
2702 4035 2742 4068 at
2762 4040 2766 4044 ’

1457 4113 1625 4142 uxorem
1649 4103 1777 4142 habeo
1807 4103 1936 4142 multo
1960 4103 2081 4141 etiam
2110 4101 2356 4140 crassiorem.
2384 4098 2434 4136 Et
2457 4098 2586 4134 tamen
2618 4106 2740 4144 quum

1458 4166 1674 4207 concordes
1695 4178 1856 4214 sumus,
1877 4166 2042 4216 quilibet
2070 4177 2140 4204 nos
2159 4163 2327 4204 lectulus
2348 4161 2447 4209 capii
2462 4173 2471 4206 ;
2486 4160 2560 4197 'sin
2589 4159 2715 4197 discor
2728 4153 2743 4185 ἱ

47 4265 51 4272 .
82 4232 147 4290 m
161 4235 265 4275 Leon
280 4235 376 4287 oiyis
386 4238 472 4293 ejus
489 4241 651 4290 narrat,
669 4239 788 4280 obeso
805 4239 1019 4280 admodum
1034 4250 1196 4294 corpore
1210 4268 1222 4287 ‚
1239 4239 1278 4277 et
1295 4238 1381 4276 orio
1457 4231 1524 4271 des
1538 4261 1549 4281 ‚
1568 4242 1617 4270 ne
1632 4232 1715 4270 tota
1737 4230 1896 4280 quidem
1910 4230 2064 4269 domus.
2088 4245 2105 4261 ‚‚
