3008 4542
120 257 137 295 l»
199 258 292 298 614

185 354 319 416 φῶνος
343 348 386 396 δὲ
411 347 483 396 τὸν
508 347 701 412 σίδηρον,
729 350 786 402 ὥς
812 347 973 414 ἱστορεῖ
999 346 1236 408 Μανεθὼς,
1263 349 1484 397 καλοῦσιν.

182 422 362 487 ‘'sto-nep
380 420 464 486 γὰρ
489 423 512 468 ὁ
531 420 701 485 σίδηρος
722 419 931 476 πολλάκις
944 419 1021 484 μὲν
1047 419 1269 486 ἑλκομένῳ
1292 418 1366 468 καὶ
1383 422 1490 467 ἑπο-

185 494 302 561 μένῳ
325 493 430 560 πρὸς
453 491 531 551 τὴν
552 492 665 540 λίθον
680 492 826 552 ὅμοιός
842 496 950 554 ἐστι,
974 492 1181 547 πολλάκις
1202 493 1240 540 δ’
1274 490 1489 558 ἀποστρέ-

184 566 394 633 φεταικαὶ
403 565 805 631 ἀποκρούεταιπρὸς
820 566 1082 625 τούναντίον,
1099 564 1232 619 οὕτως
1245 568 1271 623 ἡ
1283 562 1491 654 σωτήριος

183 639 258 687 καὶ
282 637 421 703 ἀγαθὴ
442 637 518 686 καὶ
557 637 730 702 λόγον’
706 657 870 703 εχουσα
895 658 969 686 του
997 637 1164 701 κόσμου
1201 636 1367 696 κίνησις
1401 638 1491 683 ἐπι-

184 711 411 778 στρέφεταί
427 730 474 758 τε
500 709 575 758 καὶ
600 711 870 776 προσάγεται
909 710 983 758 καὶ
1014 685 1327 774 μαλακωτέραν
1351 714 1461 756 ποιεῖ
1475 745 1488 770 ,

183 785 389 832 πείθουσα
412 782 491 842 τὴν
506 783 716 848 σκληρίαν
740 783 905 842 ἐκείνην
929 782 1004 831 καὶ
1031 782 1253 849 τυφώνιον,
1273 775 1353 830 εἰτ’
1373 773 1491 835 αυθις

186 860 478 922 ἀνασχεθεῖσα
501 858 559 911 εἷς
593 854 750 913 ἑαυτὴν
783 855 1019 922 ἀνέστρεψε
1051 875 1126 903 και
1153 854 1391 902 κατέδυσεν
1433 856 1492 908 εἷς

184 930 262 988 τὴν
287 929 489 995 ἀπορίαν.
511 933 696 976 Nomen
714 932 827 990 81η]-
845 932 1051 977 occurrit
1070 931 1119 974 in
1139 931 1277 974 Libro
1294 939 1493 973 mortuo-

182 1021 283 1052 rum
303 1021 342 1049 c.
374 1021 450 1067 19,
476 1004 567 1052 col.
592 1003 619 1049 5
651 1006 797 1051 :Dies
816 1006 897 1048 ille
913 1004 1257 1063 justificationis
1279 1003 1492 1046 adversus

193 1077 456 1138 Typhonem
474 1082 661 1137 ejusque
679 1077 714 1120 S
715 1093 809 1135 my.

802 1170 882 1228 78.

253 1269 310 1312 In
349 1267 518 1312 eodem
560 1266 750 1320 fortasse
785 1281 929 1326 opere
963 1265 1183 1310 Manetho
1235 1264 1494 1310 narraverit

187 1357 289 1401 quae
309 1341 529 1400 leguntur
551 1356 627 1400 ap.
655 1340 894 1392 Plutarch.
917 1338 946 1384 l.
971 1339 1005 1382 l.
1029 1354 1071 1385 c.
1102 1337 1189 1394 28,
1213 1353 1265 1397 p.
1284 1337 1395 1393 361,
1418 1339 1453 1383 F
1479 1352 1490 1380 ε

254 1412 526 1473 Πτολεμαῖος
551 1409 597 1457 δὲ
635 1412 658 1456 ὃ
690 1408 851 1476 Σωτὴρ
875 1408 979 1475 ὄναρ
1008 1400 1093 1456 εἶδε
1138 1407 1211 1455 τὸν
1242 1409 1284 1455 ἐν
1312 1406 1492 1473 Σινώπῃ

187 1488 263 1532 τοῦ
289 1482 547 1536 Πλούτωνος
585 1478 811 1540 κολοσσὸν,
841 1483 919 1530 οὐκ
945 1480 1254 1544 ἐπιστάμενος,
1281 1477 1378 1527 οὗδὲ
1414 1483 1496 1527 ἑω-

190 1555 330 1622 ρακὼς
354 1555 579 1621 πρότερον,
601 1546 687 1608 οἶος
711 1547 826 1618 [ἦν]
853 1553 930 1612 τὴν
954 1553 1141 1619 μορφὴν,
1162 1553 1391 1601 κελεύοντα
1415 1572 1495 1600 κο-

189 1628 316 1691 μίσαι
335 1626 412 1686 τὴν
431 1627 644 1692 ταχίστην
670 1625 798 1675 αὐτὸν
818 1629 877 1682 εἷς
897 1626 1239 1691 Ἀλεξάνδρειαν.
1256 1627 1497 1691 Ἀγνοοῧντι

189 1703 226 1748 δ’
253 1703 371 1767 αὐτῷ
403 1699 478 1749 καὶ
500 1702 753 1766 ἀποροῦντι,
776 1704 859 1748 ποῦ
900 1699 1176 1766 καθίδρυται,
1211 1698 1285 1747 καὶ
1331 1699 1497 1763 διηγου-

192 1775 309 1841 μένῳ
327 1777 414 1829 τοῖς
441 1773 579 1840 φίλοις
601 1773 680 1831 τὴν
700 1772 816 1838 ὄψιν,
849 1772 999 1838 εὑρέθη
1023 1771 1303 1830 πολυπλανὴς
1331 1771 1496 1836 ἄνθρω-

188 1866 293 1906 πος,
318 1847 454 1910 ὄνομα
489 1845 730 1908 Σωσίὸιος,
755 1846 799 1892 ἓν
838 1845 1017 1910 Σινώπῃ
1043 1845 1229 1911 φάμενος
1263 1844 1499 1910 ἑωρακέναι

188 1924 378 1968 τοιοῦτον
403 1920 625 1979 κολοσσὸν,
640 1911 726 1967 οἷον
754 1922 776 1966 ὃ
803 1918 1004 1983 βασιλεὺς
1023 1920 1126 1966 ἰδεῖν
1153 1917 1310 1974 ἔδοξεν.
1325 1916 1499 1980 Ἔπεμ·

191 1996 269 2060 ψεν
294 1985 368 2041 οῧν
411 1993 592 2051 Σωτέλη
628 1991 707 2040 καὶ
749 1991 971 2053 Διόνυσον,
1000 1991 1042 2039 οἳ
1064 1991 1209 2058 χρόνῳ
1234 1994 1385 2058 πολλῷ
1424 1991 1500 2040 καὶ

193 2066 316 2130 μόλις
328 2102 341 2125 ,
360 2067 439 2114 οὐκ
455 2064 556 2113 ἄνευ
578 2063 724 2128 μέντοι
748 2064 862 2119 θείας
878 2064 1101 2129 προνοίας,
1127 2065 1148 2085 *
1165 2064 1330 2128 ἤγαγον
1346 2064 1501 2112 ἐκκλέ-

194 2141 372 2204 ψαντες.
441 2136 571 2185 Ἐπει
600 2135 644 2184 δὲ
682 2136 900 2206 κομισθεὶς
933 2135 1082 2200 ὤφθη,
1124 2136 1420 2199 συμὸαλόντες
1461 2138 1500 2185 οἵ

192 2231 292 2277 περι
316 2212 530 2273 Ἰιμόθεον
553 2229 624 2258 τον
629 2204 864 2287 Νἐξηγητὴν
887 2229 962 2258 και
987 2210 1229 2258 Μανέθωνα
1247 2210 1318 2258 τὸν
1340 2209 1502 2259 Σεὸεν-

193 2283 323 2343 νύτην
344 2283 598 2338 Πλούτωνος
616 2288 724 2331 εἶναι
739 2283 936 2348 ἄγαλμα,
959 2286 1020 2330 τῶ
1045 2282 1251 2349 Κερὸέρω
1272 2282 1501 2348 τεκμαιρό-

196 2375 316 2420 μενοι
339 2356 414 2404 καὶ
450 2376 513 2422 τῳ
541 2357 767 2421 δράκοντι,
790 2356 982 2404 πείθουσι
1003 2355 1074 2404 τὸν
1112 2356 1407 2419 Πτολεμαῖον,
1445 2358 1502 2410 ὡς

193 2429 338 2495 ἑτέρου
355 2432 461 2477 θεῶν
485 2429 678 2492 οὐδενὸς,
701 2430 814 2477 ἀλλὰ
843 2429 1093 2495 Σαράπιδός
1116 2431 1249 2477 ἐστιν.
1322 2430 1388 2478 Οὗ
1417 2427 1501 2493 γὰρ

194 2506 354 2551 ἐκεῖθεν
366 2501 499 2557 οὕτως
514 2501 826 2566 ὀνομαζόμενος
845 2496 967 2562 ἧκεν,
991 2504 1087 2550 ἀλλ’
1104 2504 1162 2557 εἷς
1181 2501 1501 2568 Ἀλεξάνδρειαν

195 2575 413 2638 κομισθεὶς
451 2575 500 2622 τὸ
539 2578 643 2637 παρ’
675 2574 927 2638 Αἰγυπτίοις
961 2574 1097 2638 ὄνομα
1137 2579 1211 2622 τοῦ
1243 2574 1501 2628 Πλούτωνος

197 2647 438 2706 ἐκτήσατο,
458 2646 530 2694 τὸν
556 2646 779 2711 Σάραπιν.

263 2722 329 2765 De
354 2722 515 2780 Serapi
541 2720 599 2782 (i.
625 2737 672 2768 e..
692 2723 947 2781 Osiri-Api.
979 2721 1216 2766 Plutarch.
1244 2722 1275 2768 l.
1298 2722 1327 2767 l.
1361 2739 1400 2767 c.
1422 2736 1497 2779 29.

199 2794 533 2840 Athenodorus
569 2810 644 2854 ap.
691 2794 919 2842 Clement.
962 2795 1096 2840 Alex.
1140 2795 1296 2838 Protr.
1338 2810 1387 2855 p.
1416 2809 1497 2840 22.

201 2864 446 2928 Ὀσαράπις
462 2868 511 2910 in
527 2868 714 2927 Papyro
735 2867 982 2927 Leidensi)
998 2881 1046 2913 v.
1062 2869 1263 2914 Bunsen.
1279 2869 1319 2924 Ι,
1333 2883 1383 2927 p..
1408 2866 1499 2912 502

200 2955 269 2998 sq.
294 2940 495 2984 Fruinus
524 2939 558 2983 l.
595 2940 629 2985 l.
662 2955 710 2999 p.
746 2944 835 2998 149
861 2955 964 2999 sqq.
1003 2941 1074 2985 De
1093 2941 1291 2984 Pontico
1323 2940 1414 2984 deo
1445 2940 1502 2984 cf.

204 3076 357 3116 serrum
384 3086 491 3126 saepe
519 3076 648 3115 simile
678 3078 738 3116 est
763 3077 878 3116 tracti
899 3088 923 3116 a
947 3076 1077 3127 lapide
1097 3077 1249 3116 etcum
1284 3078 1484 3128 sequentis
1499 3107 1509 3127 ,

208 3151 314 3191 saepe
331 3140 526 3180 avertitur
549 3140 590 3179 in
613 3139 809 3179 diversam
834 3143 1011 3190 partem,
1027 3140 1082 3179 ita
1103 3143 1234 3180 motus
1253 3141 1392 3180 mundi
1411 3142 1514 3180 salu-

206 3205 326 3254 taris,
354 3204 483 3244 bonus
498 3234 509 3252 ‚
541 3206 581 3244 et
617 3205 769 3244 ratione
796 3207 981 3244 constans
1000 3205 1213 3255 aliquando
1236 3206 1383 3255 versat,
1402 3205 1452 3244 ad
1474 3216 1516 3244 se

208 3268 319 3307 ducit
339 3270 380 3307 et
398 3268 621 3308 molliorem
638 3268 768 3308 reddit
783 3269 1068 3318 obsequentem
1085 3268 1158 3308 sibi
1179 3269 1321 3308 duram
1338 3269 1447 3308 illam
1467 3280 1515 3308 ac

210 3332 459 3383 Typlioniam
481 3333 562 3371 vim
583 3348 592 3371 :
611 3332 826 3383 aliquando
842 3333 930 3372 haec
946 3333 987 3372 in
1007 3344 1049 3372 se
1072 3333 1299 3383 revertitur,
1317 3333 1411 3374 etin
1438 3334 1514 3373 im-

207 3397 427 3446 potentiam
447 3397 650 3437 relabitur.

823 3469 896 3509 78.

266 3534 509 3575 Ptolemaeus
546 3535 662 3574 Soter
695 3534 874 3574 Plutonis
911 3536 1106 3575 colossum
1137 3537 1207 3586 qui
1242 3537 1398 3589 Sinopae
1432 3539 1518 3578 erat

213 3599 368 3638 somnio
385 3599 499 3649 vidit,
509 3610 637 3650 quum
656 3610 786 3650 neque
802 3603 933 3640 nosset
948 3612 1077 3650 neque
1090 3602 1251 3642 vidisset
1267 3614 1445 3654 unquam
1455 3606 1516 3643 ta-

215 3663 292 3702 lem
305 3693 316 3712 ‚
336 3663 445 3714 quali
469 3663 597 3703 forma
618 3673 687 3713 per
706 3663 882 3714 quietem
900 3664 1135 3715 imaginatus
1151 3667 1280 3706 suerat
1299 3677 1340 3706 se
1358 3667 1516 3718 videre,

215 3727 406 3777 acjuberi
422 3738 515 3767 eum
539 3730 837 3779 quamprimum
860 3730 1139 3769 Alexandriam
1167 3732 1340 3781 perferre
1365 3744 1383 3772 r
1404 3732 1516 3782 igno-

219 3792 321 3831 ranti
338 3794 473 3832 autem
486 3794 525 3833 et
543 3794 660 3834 anxie
677 3794 891 3844 inquirenti
912 3795 1074 3834 ubinam
1093 3796 1271 3836 locorum
1287 3798 1386 3838 situs
1400 3800 1516 3848 esset,

217 3856 433 3906 amicisque
455 3868 540 3896 rem
562 3857 761 3907 narranti,
783 3858 941 3898 oblatus
972 3861 1033 3898 est
1062 3860 1237 3900 Sosibius
1256 3861 1419 3911 qnidam
1440 3863 1519 3902 late

218 3922 384 3971 vagatus
414 3922 558 3971 homo,
591 3923 660 3973 qui
690 3924 847 3974 Sinopae
874 3935 898 3963 a
926 3933 967 3963 sc
1001 3926 1130 3964 visum
1167 3926 1286 3966 talem
1321 3927 1517 3967 colossum

219 3984 369 4024 <liceret
380 4015 390 4034 ,
405 3987 565 4035 qualem
582 3998 653 4026 rex
674 3987 910 4037 imaginatus
926 3988 1052 4028 fuerat
1072 4005 1081 4027 z
1100 3989 1205 4029 missi
1224 3990 1357 4040 itaque
1369 3992 1519 4030 Soteles

221 4054 260 4089 rt
281 4051 495 4100 Dionysus,
514 4052 631 4101 longo
643 4055 821 4103 tempore
837 4055 878 4092 et
889 4064 1014 4104 aegre,
1032 4066 1162 4104 neque
1172 4055 1255 4095 sinc
1275 4056 1520 4106 providentia

222 4115 377 4165 divina,
403 4116 539 4155 furtim
566 4117 743 4157 ablatum
775 4118 972 4158 colossum
995 4118 1044 4157 ad
1080 4130 1210 4169 regem
1236 4121 1482 4170 pertulerunt
1509 4136 1517 4159 :

225 4177 292 4227 qui
320 4178 386 4216 ubi
405 4184 639 4229 conspectus
658 4182 753 4229 suit,
775 4182 1005 4221 Timotheus
1034 4193 1238 4222 sacrorum
1271 4184 1457 4233 antistes,
1482 4187 1520 4223 et

226 4242 410 4281 Manena)
428 4243 650 4294 Sebennyla
666 4257 686 4282 a
704 4246 876 4285 Cerbero
897 4248 936 4285 et
952 4246 1121 4286 ‹lrarone
1138 4248 1372 4297 conjecturis
1391 4248 1520 4288 ductis

1122 244 1537 294 MANETHONIS
1573 245 1962 296 SEBENNYTAE

1567 348 1777 395 Macrob.
1796 351 1837 406 Ι,
1858 365 1936 397 20.
1955 351 2067 408 Quae
2081 358 2244 395 nostro
2265 350 2431 412 fragm.
2456 352 2691 412 leguntur,
2709 354 2875 412 paullo
2884 374 2899 410 ς,
2933 344 2947 415 ἒξ

1566 423 1699 467 aliter
1721 431 1879 471 narrat
1901 423 2088 471 Tacitus
2121 423 2244 472 Hist.
2275 425 2356 480 IV,
2384 422 2465 484 83,
2490 423 2618 468 unde
2653 409 2894 471 discimus*

1566 495 1888 551 Timotheum,
1908 495 2231 540 Atheniensem
2255 495 2602 556 Eumolpidam‚
2621 497 2869 542 antistitem
2939 493 2951 554 ζ

1567 569 1970 628 ceremoniarum,
2003 569 2219 613 Eleusine
2252 583 2278 612 a
2310 569 2564 613 Ptolemaeo
2603 570 2902 615 arcessitum
2941 578 2953 630 h

1567 655 1678 685 esse.
1702 642 1800 685 Nisi
1819 639 1977 701 fallor,
1997 641 2124 686 idem
2147 649 2214 685 est
2237 657 2344 685 cum
2368 656 2425 686 eo
2440 656 2610 701 ,quem
2628 657 2720 686 non
2741 645 2901 702 igno-,s

1568 713 1705 757 bilem
1731 712 2043 772 theologorum
2065 718 2219 758 vafrum
2243 713 2357 758 dicit
2380 714 2617 759 Arnobius
2638 715 2699 769 V,
2721 711 2768 770 5,
2788 714 2903 780 ιιΒῆ
2879 708 2902 732 ⁴
2944 702 2955 763 ἶ

1565 786 1702 845 plura
1733 801 1790 831 ex
1812 802 1872 831 eo
1898 786 1960 831 de
1991 787 2080 831 diis
2106 787 2330 847 Phrygiis.
2352 787 2568 831 Eundem
2587 787 2747 832 laudat
2768 788 2900 833 Ma—·

1568 859 1704 903 crob.
1730 860 1824 904 Sat.
1863 860 1885 903 1
1902 893 1915 916 ,
1946 875 2034 921 173
2058 858 2216 919 steph.
2240 860 2292 903 B.
2319 874 2366 906 v.
2385 857 2571 911 Γάλλος.
2882 877 2891 882 ”

2178 990 2256 1034 79·

1635 1075 1808 1121 AElian.
1837 1075 1894 1120 N.
1923 1076 1985 1119 H.
2015 1074 2088 1133 X,
2119 1073 2174 1119 16
2211 1070 2409 1121 τἈκούω
2444 1071 2490 1119 δὲ
2525 1071 2600 1120 καὶ
2631 1063 2922 1123 litave'fflovuis
2965 1127 2967 1138 ἵ

1567 1143 1639 1191 τὸν
1658 1144 1914 1208 Αἰγύπτιον,
1935 1143 2086 1211 σοφίας
2105 1145 2164 1198 εἷς
2193 1142 2325 1210 ἄκρον
2351 1143 2597 1204 ἐληλακότα
2616 1144 2751 1211 ἄνδρα
2766 1181 2780 1204 ,
2809 1148 2868 1194 εἰ·

1567 1220 1679 1276 πεῖν,
1703 1217 1806 1264 ὅτι
1793 1217 2008 1281 γάλακτος
2039 1215 2154 1264 ὕείου
2178 1219 2201 1263 ὃ
2227 1216 2490 1280 γευσάμενος
2510 1218 2656 1283 ἀλφῶν
2680 1217 2893 1281 ὑποπίμι·Ι
2914 1204 2926 1248 Δ

1568 1290 1732 1336 πλαται
1755 1288 1830 1336 καὶ
1854 1287 2038 1356 λεπρας*
2063 1307 2141 1352 μισ
2153 1307 2248 1337 ουσι
2265 1288 2310 1336 δὲ
2331 1288 2418 1355 ἄρα
2450 1292 2491 1340 οἱ
2510 1289 2696 1340 Ἀσιανοὶ
2722 1289 2898 1346 πάντες
2907 1345 2925 1351 η
2960 1291 2967 1311 ³

1569 1360 1674 1408 τάδε
1692 1360 1747 1408 τὰ
1767 1361 1902 1421 πάθη.
1973 1359 2302 1409 Πεπιστεύκασι
2321 1361 2366 1409 δὲ
2389 1361 2621 1426 Αἰγύπτιοι
2637 1360 2716 1420 τὴν
2731 1354 2780 1409 ῧν
2802 1361 2908 1412 καὶῗ
2904 1352 2925 1405 -Ῐ
2965 1402 2970 1420 ;

1569 1433 1681 1500 ἡλίῳ
1704 1433 1780 1481 καὶ
1798 1433 1959 1499 σελήνῃ
1978 1433 2179 1499 ἐχθίστην
2197 1437 2322 1480 εἶναι·
2343 1433 2445 1481 ὅταν
2462 1432 2507 1481 δὲ
2524 1433 2756 1498 Αἰγύπτιοι
2772 1453 2879 1482 παν·
2966 1459 2971 1483 ι

1570 1506 1804 1571 ηγυρίζωσι
1826 1510 1879 1571 τῇ
1902 1506 2090 1574 σελήνη,
2108 1503 2255 1554 θύουσι
2275 1507 2386 1572 αὐτῇ
2408 1504 2527 1562 ἅπαξ
2563 1509 2638 1554 τοῦ
2663 1505 2783 1561 ἔτους
2805 1500 2896 1567 ῧς,-
2914 1490 2928 1515 ’ί

1573 1577 1727 1643 ἄλλοτε
1747 1578 1792 1626 δὲ
1818 1578 1914 1626 οὔτε
1946 1577 2086 1644 ἐκείνῃ
2111 1576 2207 1626 οὔτε
2231 1577 2352 1644 ἄλλῳ
2377 1598 2442 1644 τῳ
2467 1581 2552 1626 τῶν
2582 1581 2688 1626 θεῶν
2710 1577 2806 1627 τόδε
2830 1597 2883 1627 το
2919 1575 2921 1579 ’
2969 1582 2974 1627 “;

1573 1654 1678 1718 ζῷον
1717 1651 1909 1700 ἐθέλουσι
1934 1650 2060 1710 θύειν,
2079 1653 2136 1705 ὥς
2156 1651 2370 1717 μυσαρόν.

1647 1747 1667 1767 «
1695 1727 1912 1772 Eundem
1934 1727 2232 1774 Manethonis
2253 1727 2413 1771 locum
2439 1734 2655 1771 tractasse
2687 1725 2881 1772 videtur

1573 1801 1810 1846 Plutarch.
1851 1802 1975 1845 Mor.
2002 1815 2048 1860 p.
2079 1798 2196 1856 353,
2221 1801 2258 1845 F
2294 1814 2306 1846 t
2333 1796 2526 1860 Ὁμοίως
2551 1796 2595 1844 δὲ
2618 1796 2694 1845 καὶ
2721 1796 2800 1855 τὴν
2828 1790 2884 1845 ῧν

1577 1869 1743 1935 ἀνίερον
1765 1873 1872 1934 ζῷον
1884 1873 2116 1934 ἡγοῦνται·
2151 1872 2209 1924 ὡς
2234 1868 2427 1932 μάλιστα
2446 1868 2530 1934 γὰρ
2563 1867 2788 1934 ὀχεύεσθαι
2811 1870 2881 1918 δο-

1576 1950 1643 1991 κεῖ
1663 1947 1740 1998 τῆς
1765 1943 1947 2003 σελήνης
1982 1941 2238 2009 φθινούσης,
2256 1941 2331 1993 καὶ,
2350 1944 2437 1989 τῶν
2456 1941 2506 1989 τὸ
2537 1941 2653 2005 γάλα
2671 1942 2890 1991 πινόντων

1578 2015 1744 2071 ἐξανθεῖ
1786 2015 1840 2063 τὰ
1871 2014 2058 2078 σώματα
2079 2014 2245 2080 λέπραν
2269 2014 2344 2063 καὶ
2367 2013 2561 2081 ψωρικὰς
2583 2014 2876 2080 τραχύτητας.
2917 2065 2926 2070 ς

1577 2091 1814 2135 Consentit
1860 2090 2094 2136 Herodot.
2129 2090 2178 2134 II
2195 2123 2208 2146 ,
2233 2090 2419 2146 &hubi
2446 2104 2494 2134 v.
2517 2091 2804 2150 Wesseling;
2834 2099 2883 2136 at

1577 2162 1784 2206 dissentit
1803 2162 1929 2207 idem
1951 2164 2022 2219 II,
2051 2160 2133 2215 45.
2170 2181 2190 2202 »
2230 2162 2527 2206 Scmvnmssn.
2552 2161 2622 2208 Cf.
2653 2163 2928 2223 Bocharts4

1578 2235 1766 2281 Hieroz.
1793 2236 1843 2290 Ι,
1869 2250 1920 2294 p.
1946 2234 2068 2294 6993
2091 2235 2292 2280 Bunsen.
2317 2251 2368 2294 p.
2398 2250 2476 2294 97.
2499 2235 2710 2280 Fortasse
2733 2230 2947 2295 aptius<

1577 2307 1674 2352 haec
1697 2307 1971 2354 referuntur
1995 2306 2056 2352 ad
2091 2322 2211 2367 opus
2231 2323 2444 2367 sequens.
2928 2311 2931 2313 ’

1830 2422 1959 2470 ΤΩΝ
1999 2422 2290 2470 ΦΥΣΙΚΩΝ
2323 2423 2631 2471 EIllTOMll.

1645 2535 1782 2577 Hunc
1795 2530 1983 2589 librum
2003 2533 2097 2576 sive
2118 2533 2316 2592 amplius
2344 2531 2550 2590 ejusdem
2565 2533 2747 2593 generis
2765 2547 2891 2592 opus

1578 2606 1733 2649 innuit
1769 2605 1933 2650 Suidas
1960 2605 2028 2665 (v,
2057 2601 2304 2666 Μανεθώς),
2339 2606 2671 2650 Manethonem
2695 2604 2871 2683 Φυσιο-

1578 2673 1731 2739 λογικὰ
1751 2677 1982 2737 scripsisse
1998 2677 2169 2722 dicens.

2195 2771 2274 2816 80.

1646 2867 1882 2927 Diogenes
1900 2869 1954 2912 L.
1982 2866 2190 2912 Prooem.
2215 2866 2243 2926 5
2274 2881 2330 2910 10
2354 2879 2366 2913 ε
2403 2860 2542 2917 Θεοὺς
2562 2863 2598 2909 δ’
2623 2853 2732 2909 εἶναι
2769 2860 2887 2919 ἥλιον

1580 2936 1656 2984 καὶ
1680 2936 1882 2996 σελήνην·
1897 2937 1968 2984 τὸν
1994 2936 2071 2999 μὲν
2096 2935 2284 3000 Ὄσιριν,
2310 2934 2387 2993 τὴν
2411 2936 2447 2982 δ’
2469 2927 2582 2983 ’Ἶσιν
2596 2933 2885 2996 καλουμένην.
2909 2995 2913 2999 .

1589 3077 1832 3127 collegerunt
1852 3078 2034 3117 Plutonis
2054 3087 2138 3116 esse
2161 3075 2442 3124 simulacrum,
2476 3075 2772 3124 Ptolemaeoque
2802 3084 2890 3124 per*

1588 3145 1822 3193 suaserunt,
1858 3154 1939 3182 non
1963 3153 2048 3182 esse
2068 3142 2168 3182 alius
2186 3142 2250 3180 dei
2277 3152 2399 3192 quam
2423 3140 2636 3191 Sarapidis.
2669 3143 2757 3180 Non
2783 3139 2893 3179 enim

1588 3207 1705 3247 istinc
1737 3209 1814 3247 hoc
1848 3219 1993 3248 nomen
2027 3219 2165 3258 gerens
2203 3209 2387 3255 venerat;
2429 3206 2498 3247 sed
2529 3206 2673 3246 allatus
2715 3205 2889 3245 Alexan-

1589 3274 1715 3314 driam
1729 3304 1739 3323 ,
1758 3275 1956 3327 Sarapidis
1977 3285 2145 3324 nomen,
2166 3285 2246 3324 quo
2268 3273 2440 3324 AEgyptii
2460 3272 2670 3313 Plutonem
2687 3270 2892 3319 afficiunt,

1593 3348 1762 3389 invenit..

2205 3417 2279 3457 79.
2321 3409 2335 3421 ”

1643 3488 1922 3526 Manethonem
1941 3485 2167 3536 AEgyptium
2179 3515 2190 3535 ,
2207 3495 2366 3529 summa
2380 3483 2572 3535 sapientia
2586 3483 2716 3521 virum
2727 3510 2739 3530 ,
2756 3478 2891 3531 accepi

1591 3550 1722 3590 dicere
1741 3561 1835 3590 eum
1854 3549 1924 3600 qui
1941 3549 2058 3589 suillo
2084 3549 2189 3589 lacte
2210 3549 2407 3596 vescatur,
2435 3545 2690 3597 vitiliginibus
2715 3546 2755 3584 et
2784 3543 2890 3595 lepra

1591 3613 1743 3665 oppleri
1758 3624 1888 3664 „quos
1906 3612 2068 3663 quidem
2095 3612 2257 3653 morbos
2280 3611 2412 3652 Asiani
2433 3620 2571 3651 omnes
2588 3608 2770 3648 oderunt.
2792 3609 2892 3647 Cre-

1592 3677 1695 3719 dunt
1721 3688 1816 3718 vero
1851 3676 2023 3728 AEgyptii
2043 3687 2155 3716 suem
2175 3678 2215 3716 et
2238 3676 2318 3717 Soli
2352 3676 2393 3715 et
2421 3677 2546 3715 Lunae
2576 3671 2891 3712 inimicissimum

1591 3753 1676 3782 esse
1691 3741 1853 3782 animal.
1878 3742 1927 3780 Et
1946 3740 2106 3790 quando
2124 3742 2250 3780 Lunae
2266 3740 2364 3780 festa
2378 3737 2580 3778 celebrant
2590 3766 2609 3786 „
2619 3735 2738 3775 semel
2764 3734 2800 3775 ei
2822 3744 2892 3785 per

1592 3817 1741 3845 annum
1773 3816 1886 3844 suem
1919 3806 2122 3852 mactant,
2144 3804 2241 3843 ali-as
2263 3813 2358 3842 vero
2375 3812 2505 3851 neque
2530 3803 2653 3841 Lunae
2674 3809 2804 3849 neque
2825 3797 2891 3840 alii
2945 3806 2949 3838 J

1593 3871 1667 3910 deo
1683 3869 1786 3910 istud
1806 3868 1974 3918 animal,
1995 3870 2136 3918 utpote
2150 3867 2375 3917 impurum,
2392 3865 2614 3906 sacrificare
2630 3864 2784 3904 volunt.

1869 3976 2281 4024 PHYSICORUM
2320 3974 2553 4022 EPITOM
2564 3974 2624 4020 Ε..

2199 4092 2272 4132 80.

1650 4186 1748 4222 neos
1767 4183 1917 4232 AEgypti
1939 4182 2083 4221 liabent
2102 4182 2224 4220 solem
2239 4183 2278 4220 et
2294 4181 2449 4228 lunam3
2469 4181 2577 4218 illum
2601 4178 2766 4227 Osirim,
2790 4178 2887 4216 haue

1603 4247 1693 4287 lsini
1715 4247 1917 4297 appellari.
1947 4249 2097 4296 lios-que
2116 4245 2278 4285 indicari
2303 4245 2420 4295 signis
2435 4243 2620 4283 scau-amri
2641 4245 2678 4282 cl
2701 4241 2889 4292 serpentis
2963 4294 2966 4299 ι
