3016 4628
1114 255 1353 304 HIPPYS-
1378 253 1720 302 RHEGINUS.
2683 261 2735 300 13

97 375 192 434 ejus
212 374 361 418 omnis
392 373 438 418 11.
464 372 512 415 ll.
541 377 734 413 constat.
771 367 1026 423 Quocirca,
1066 381 1211 423 quum
1241 381 1266 408 a
1296 379 1385 423 po-

96 445 367 491 sterioribus
390 458 487 486 non
499 441 731 485 adhibitus
753 438 984 492 videatur,
1015 437 1099 479 nisi
1126 446 1179 479 ut
1200 436 1389 479 cultiori

46 531 52 535 ’
97 517 349 575 disciplinae
367 513 688 558 auctoritatem
711 509 926 564 adderet,
953 523 1012 552 ne
1031 509 1246 552 Tatianus
1269 508 1384 565 qui—

97 588 203 633 dem
224 589 372 646 ipsum
383 584 522 639 vidit3
541 596 693 639 neque
709 581 813 624 sciri
830 581 954 635 licet,
974 578 1144 637 ecquid
1160 578 1385 622 curiosius

97 658 157 703 de
180 656 374 702 Homeri
396 655 490 698 vita
513 652 772 712 quaesiverit
794 651 1073 710 Theagenes.
1100 669 1119 689 »
1149 649 1217 695 Cf.
1241 647 1385 693 Wolf.

97 729 311 789 Prolegg.
343 741 394 786 p.
428 725 543 786 1613
569 723 777 768 Lobeck.
806 721 1037 782 Aglaoph.
1064 735 1114 779 p.
1148 718 1235 764 155
1262 735 1331 778 sq.
1375 711 1380 715 ’

602 826 855 844 “000‘—

162 885 562 946 8111111152Ἵππυς,
584 882 1068 949 Ῥηγῖνος,ἷστορικὸς,
1104 880 1287 946 γεγονὼς
1311 881 1383 928 ἐπὶ

100 964 184 1010 τῶν
211 963 467 1026 Περσικῶν,
485 958 559 1007 καὶ
575 960 742 1022 πρῶτος
759 957 922 1021 ἔγραψε
940 956 1015 1008 τὰς
1036 953 1265 1008 Σικελικὰς
1280 953 1393 1018 πρά-

101 1033 206 1091 ξεις,
234 1032 282 1086 ἃς
313 1031 489 1096 ὕστερον
529 1027 655 1087 Μύης
685 1027 942 1091 ἐπετέμετο·
980 1027 1132 1076 Κτίσιν
1173 1024 1387 1084 Ἰταλίας,

33 1103 38 1156 ἶ,
101 1107 335 1155 Σικελικῶν
365 1102 510 1168 βιὸλία
539 1101 595 1161 ε’,
618 1098 853 1166 Χρονικὰ’
835 1119 877 1147 εν
900 1098 1137 1161 βιὸλίοις’
1105 1119 1123 1146 ε
1152 1136 1164 1156 ,
1188 1098 1389 1162 Ἀργολι-

32 1205 35 1213 1
99 1180 186 1225 κῶν
210 1177 271 1240 γ’.
299 1169 437 1230 Ουτος
459 1177 628 1241 πρῶτος
652 1172 811 1237 ἔγραψε
836 1170 1060 1236 παρῳδίαν
1080 1170 1164 1218 ’καὶ
1189 1168 1394 1234 χωλίαμ-

30 1247 47 1314 ’ᾸῚ
101 1249 174 1298 ὅον
198 1248 272 1296 καὶ
295 1249 425 1296 ἄλλα.

167 1318 398 1384 Ἵππυς]
437 1321 547 1366 libri
579 1317 752 1376 “Ύπυς;
795 1334 934 1380 quam
967 1318 1156 1377 reposui
1197 1316 1396 1360 formam

99 1395 240 1440 habes
260 1395 317 1443 fr.
345 1411 364 1439 1
383 1429 396 1454 ,
417 1409 444 1438 2
459 1427 471 1449 ,
496 1392 548 1449 63
565 1388 790 1452 praeterea
828 1391 1008 1435 occurit
1042 1385 1214 1439 Ἱππεύς
1233 1388 1291 1431 fr.
1335 1392 1360 1439 4
1379 1420 1392 1442 ,

35 1514 38 1516 ,
103 1464 278 1518 Ἱππίας
297 1466 354 1511 sr.
382 1482 406 1523 7
423 1500 435 1522 ,
454 1461 626 1511 Ἵππων
651 1463 708 1510 fr.
730 1462 774 1508 5.
810 1464 918 1508 coll.
941 1463 999 1506 fr.
1033 1478 1074 1508 1.
1101 1463 1248 1505 -De
1272 1460 1394 1518 Hip-

28 1546 29 1550 ’
100 1556 226 1601 pone
255 1541 470 1603 Rhegino
505 1539 666 1593 atheo,
704 1553 812 1581 cum
848 1545 1010 1580 nostro
1037 1535 1262 1578 historico
1296 1548 1396 1576 non

102 1611 434 1656 confundendo
449 1644 462 1666 ,
486 1610 594 1654 vide
619 1625 721 1668 quae
744 1609 936 1653 laudant
957 1610 1147 1652 Kiister.
1178 1615 1224 1650 et
1250 1606 1398 1648 Bern-

102 1683 266 1742 hardy.
289 1683 411 1728 adh.
438 1683 470 1726 l.
493 1678 918 1743 -Ἀργολικῶν]
944 1680 1017 1724 Sic
1045 1695 1102 1723 ex
1129 1678 1315 1722 duobus
1339 1678 1398 1720 li·-

102 1755 198 1800 bris
212 1754 483 1813 Bernhardy
507 1754 780 1808 rectissime3
818 1751 1110 1814 ἀργολογικῶν
1144 1749 1277 1794 editt.
1297 1765 1309 1804 3
1329 1749 1399 1811 ἀρ-

102 1825 386 1888 χαιολογικῶν
405 1825 631 1880 Eudocia,
651 1823 783 1882 quod
800 1825 923 1868 tueri
943 1823 1096 1867 voluit
1112 1823 1233 1866 Bast.
1257 1821 1398 1866 Com-

104 1907 248 1943 ment.
269 1899 492 1957 Palaeogr.
514 1911 564 1956 p.
595 1894 686 1952 754
701 1930 714 1952 ,
740 1897 821 1955 qui
838 1910 863 1940 e
881 1895 990 1940 cod.
1013 1895 1156 1939 Paris.
1180 1902 1395 1937 enotave·

103 1980 178 2016 rat
200 1969 508 2032 ἀρχολογικῶν.
536 1995 602 2002 —
624 1970 774 2019 ουτος
806 1967 1010 2031 πρῶτος
1033 1965 1142 2012 κτλ.
1157 1962 1177 2026 ]
1206 1966 1315 2008 Haee
1339 1963 1400 2007 ad

106 2043 297 2101 Hippyn
321 2042 442 2085 nihil
476 2041 740 2101 pertinere,
777 2039 859 2083 sed
887 2038 1179 2098 praecedenti
1201 2036 1398 2080 articulo

109 2110 374 2174 (Ἱππῶναξ)
401 2111 697 2172 adjungenda
720 2126 812 2155 esse
834 2110 931 2169 jam
952 2113 1179 2155 Kiisterus
1196 2109 1395 2153 monuit.

171 2188 240 2230 De
267 2187 362 2230 vita
395 2194 442 2228 et
463 2194 594 2229 aetate
620 2185 818 2243 Hippyis
848 2192 1016 2243 praeter
1046 2182 1237 2227 Suidam
1259 2196 1400 2224 nemo

107 2258 364 2317 quidquam
386 2256 544 2301 tradit.
567 2258 957 2316 Fragmentorum
983 2254 1159 2298 indicia
1188 2262 1394 2297 scrutans

108 2331 262 2374 virum
293 2331 472 2390 elicias,
510 2330 592 2388 qui
621 2329 794 2372 viderit
814 2328 991 2371 lumina
1010 2326 1216 2381 Graeciae,
1251 2328 1402 2385 Argos

110 2411 156 2446 et
174 2403 377 2446 Athenas
404 2400 486 2462 (fr.
509 2401 555 2445 3.
584 2399 662 2461 5),
684 2402 767 2459 qui
783 2400 989 2443 imbutus
1010 2398 1150 2442 fuerit
1177 2397 1402 2442 doctrinis

64 2480 66 2483 '
110 2475 526 2534 Pythagoricorum
544 2472 616 2533 (fr.
640 2471 710 2531 6),
730 2472 934 2530 denique
953 2469 1082 2528 cujus
1100 2470 1268 2529 scripta
1283 2471 1401 2514 Pha-

103 2547 209 2590 ‘nias
233 2547 413 2591 Eresius
434 2547 573 2590 etiam
599 2544 906 2588 literatissimo
930 2543 1097 2588 saeculo
1114 2543 1239 2587 lectu
1262 2541 1403 2602 digna

109 2618 326 2662 habuerit
366 2616 497 2678 (fn-6
515 2614 544 2679 ).
574 2641 640 2650 —
657 2617 884 2674 Reliquiae
919 2623 1098 2658 tantum
1118 2629 1217 2657 non
1243 2629 1403 2658 omnes

0 2687 2 2695 ’
40 2687 44 2691 ’
111 2705 168 2733 ex
192 2690 432 2735 Chronicis
449 2691 595 2749 petita
613 2696 719 2732 sunt
733 2721 745 2743 ,
783 2703 884 2746 quae
905 2700 1117 2745 expresse
1137 2686 1278 2730 semel
1295 2687 1399 2730 lau-

111 2762 283 2807 dantur
300 2764 349 2806 in
371 2763 630 2823 fragmento
649 2770 840 2820 quarto,
861 2760 944 2803 ubi
969 2760 1212 2804 oraculum
1231 2760 1401 2803 citatur

111 2835 329 2893 Myscello
367 2834 526 2879 datum
563 2833 800 2878 conditori
824 2833 1056 2877 Crotonis.
1095 2832 1216 2875 Hinc
1259 2839 1306 2874 et
1342 2845 1399 2875 ex

114 2907 275 2967 fragm.
305 2905 331 2951 5
366 2899 662 2967 intelligimus
688 2907 793 2950 satis
816 2905 914 2949 fiise
941 2920 1014 2949 res
1037 2905 1210 2949 Siculas
1234 2911 1280 2947 et
1309 2904 1404 2946 Ita-

114 2980 222 3023 licas
243 2980 292 3023 in
306 2979 557 3043 'Chronicis
575 2978 766 3022 traditas
790 2977 949 3033 fuisse,
973 2976 1092 3021 adeo
1119 2985 1172 3019 ut
1188 2975 1404 3020 dubitare

114 3051 280 3111 possis,
315 3066 375 3096 an
396 3067 495 3096 non
528 3051 874 3097 Chronicorum
896 3050 1005 3094 libri
1033 3050 1241 3108 quinque
1262 3047 1404 3091 iidem

115 3124 204 3168 sint
227 3139 334 3168 cum
360 3125 472 3180 illis,
498 3124 668 3183 quibus
695 3123 942 3182 separatim
971 3120 1137 3166 Siciliae
1166 3120 1406 3164 historiam

117 3204 164 3240 et
185 3195 449 3255 Graecarum
476 3197 527 3239 in
546 3197 677 3240 Italia
700 3195 891 3239 urbium
909 3195 1111 3254 origines
1132 3200 1403 3252 persecutus

64 3268 85 3294 >⁸
118 3281 210 3311 esse
223 3267 408 3314 dicitur.
421 3270 482 3312 At
502 3267 844 3311 dubitationem
857 3265 1167 3326 praescindere
1186 3263 1406 3308 videntur

118 3335 371 3398 fragmenta
393 3354 412 3383 1
428 3372 441 3394 ,
463 3353 489 3382 2
505 3372 517 3394 ,
540 3338 565 3382 3
580 3372 592 3394 ,
620 3354 722 3397 quae
740 3348 847 3382 sunt
870 3338 929 3382 de
947 3337 1221 3396 antiquitate
1239 3335 1407 3394 populi

43 3432 46 3436 ’
79 3447 82 3452 .
123 3409 445 3471 AEgyptiorum
464 3410 617 3470 deque
643 3408 810 3455 fabulis
829 3410 1096 3455 Helladicis.
1126 3409 1277 3452 Etiam
1298 3406 1408 3466 phi-

62 3483 63 3487 ’
120 3479 446 3540 Iosophorum,
474 3490 747 3542 poetarum,
782 3482 1068 3526 musicorum
1109 3487 1323 3538 tempora
1362 3485 1409 3521 et

1463 371 1763 406 monumenta
1785 364 2059 405 recensuisse
2084 363 2266 422 Hippys
2282 363 2564 422 videtui-(fr.
2595 362 2665 422 6).
2691 386 2755 395 —-

1463 436 1617 493 MyeS,
1647 435 1728 492 qui
1761 434 1930 492 scripta
1951 435 2153 477 auctoris
2173 436 2316 477 nostri
2348 436 2392 476 in
2425 434 2753 492 compendium

1464 506 1669 565 redegit,
1698 506 1807 549 alibi
1831 521 1928 549 non
1945 514 2247 549 memoratur.

1960 617 2263 637 w

1956 692 2260 739 XPONIKA.

1927 801 1976 846 ἓν
2003 798 2232 864 βιὸλίοις
2251 798 2299 848 ε’.

2094 910 2135 938 1.

1532 982 1689 1028 Schol.
1728 981 1886 1040 Apoll.
1920 980 2012 1025 Rh.
2051 982 2139 1035 IV,
2186 979 2280 1024 262
2322 995 2332 1022 :
2365 976 2386 995 ”

2383 979 2528 1030 ,Ιππυς
2564 976 2761 1039 (Ἵππων

1467 1056 1576 1100 cod.
1611 1053 1747 1114 Par.)
1780 1049 1877 1104 τοὺς
1906 1050 2170 1114 Αἰγυπτίους
2199 1049 2510 1114 ἀρχαιοτάτους
2543 1050 2762 1137 γεγονέναι

1466 1124 1606 1188 λέγει,
1640 1123 1715 1170 καὶ
1746 1120 1940 1188 πρώτους
1964 1121 2262 1185 στοχάσασθαι
2288 1140 2364 1178 της
2391 1124 2466 1166 τοῦ
2507 1121 2630 1185 ἀέρος
2652 1122 2762 1185 κρά-

1468 1215 1596 1250 σεως·
1621 1195 1696 1242 και
1723 1212 2016 1258 γονιμωτατον
2035 1199 2144 1241 εἰναι
2167 1193 2217 1240 τὸ
2241 1197 2314 1241 τοῦ
2337 1192 2537 1241 Νείλου“’
2515 1194 2642 1257 υδωρ.

1533 1273 1604 1315 De
1627 1270 1789 1314 eadem
1808 1283 1859 1313 re
1881 1269 2027 1313 schol.
2054 1268 2212 1312 laudat
2238 1268 2462 1313 Chronica
2482 1269 2707 1326 Xenagol
2709 1283 2762 1322 ae,

1468 1344 1642 1388 Cosmae
1658 1342 1947 1402 AEgyptiaca,
1967 1341 2070 1386 alia.
2085 1335 2427 1402 Ἀρχαιοτάτους
2441 1340 2546 1398 AEg.
2568 1339 2681 1382 dicit
2695 1336 2766 1383 διὰ

1468 1412 1546 1471 τὴν
1566 1417 1640 1460 τοῦΙ
1666 1411 1786 1477 ἀέρος
1810 1410 2040 1476 εὐκρασίαν
2065 1409 2140 1456 καὶ
2158 1411 2227 1456 διὰ
2246 1408 2325 1467 τὴν
2349 1408 2472 1475 φύσιν
2492 1413 2567 1455 τοῦ
2585 1407 2740 1456 Νείλου
2755 1428 2764 1437 ·

1471 1492 1620 1534 τοῦτον
1660 1483 1743 1550 γὰρ
1772 1484 2006 1546 πολύγονον
2027 1482 2127 1530 ὄντα
2152 1481 2227 1529 καὶ
2259 1481 2336 1535 τὰς
2362 1479 2520 1546 τροφὰς
2544 1483 2767 1546 αὐτοφυεῖς

1469 1556 1767 1625 παρεχόμενον
1795 1555 1949 1623 ῥᾳδίως
1982 1554 2202 1621 ἐκτρέφειν
2235 1553 2291 1601 τὰ
2317 1552 2632 1617 ζωογονηθέντα
2666 1555 2763 1602 κτλ.

1475 1634 1640 1695 (verba
1670 1641 1775 1676 sunt
1802 1631 2005 1676 Diodori
2031 1632 2079 1686 I,
2127 1645 2208 1686 10,
2244 1626 2325 1691 1);
2360 1629 2642 1687 eosdemque
2680 1629 2768 1672 ha-

1470 1723 1576 1751 rum
1605 1719 1764 1750 rerum
1785 1704 2104 1747 observatores
2123 1703 2301 1762 primos
2320 1702 2537 1745 exstitisse
2560 1710 2771 1745 auctores

1471 1779 1782 1823 scientiarum.
1807 1778 1878 1820 Ita
1903 1790 2108 1820 narrasse
2138 1775 2331 1833 Hippyn
2360 1789 2418 1818 ex
2445 1773 2600 1817 verbis
2621 1773 2767 1817 schol.

1473 1867 1578 1896 cum
1599 1851 1796 1895 aliorum
1813 1849 2080 1892 narratione
2095 1848 2274 1892 collatis
2295 1846 2583 1905 intelligitur.
2606 1845 2676 1890 Cf.
2699 1846 2770 1888 in-

1473 1935 1618 1984 terpr.
1644 1921 1877 1967 Herodot.
1901 1921 1961 1965 ad
1975 1923 2021 1964 II
2037 1954 2049 1976 ,
2071 1935 2118 1976 23
2145 1921 2307 1979 Heyne
2342 1921 2413 1964 De
2433 1918 2639 1963 fontibus
2655 1919 2768 1963 Dio-

1475 1996 1580 2041 dori
1620 2011 1671 2055 p.
1693 1994 1896 2040 XXVIII
1920 1993 1997 2037 ed.
2020 1993 2210 2051 Bipont.

2100 2086 2146 2115 2.

1540 2163 1761 2223 Stephan.
1799 2162 1905 2220 Byz.
1930 2175 1975 2205 v.
2002 2155 2154 2222 Ἀρκάς
2183 2174 2193 2202 :
2229 2152 2396 2209 Ἵππυς
2431 2153 2476 2201 δὲ
2511 2156 2533 2200 ὁ
2571 2153 2769 2215 Ῥηγῖνος

1475 2232 1651 2296 λέγεται
1682 2234 1849 2296 πρῶτος
1869 2227 2052 2278 καλέσαι
2076 2227 2376 2292 Προσελήνους
2407 2225 2502 2279 τοὺς
2525 2226 2761 2291 Ἀρκάδας,

1476 2306 1551 2353 καὶ
1574 2305 1622 2352 τὸ
1644 2304 1798 2369 ἄστρον
1820 2302 1991 2366 λέγεται
2012 2304 2054 2349 ἐν
2088 2304 2150 2365 τῷ
2174 2301 2340 2364 οὐρανῷ
2363 2298 2458 2346 τότε
2483 2298 2634 2362 ἄρκτος
2657 2299 2769 2355 κλη-

1476 2381 1632 2439 θῆναι,
1660 2376 1689 2434 ἢ
1712 2374 1860 2437 ἅμαξα
1891 2372 2080 2437 λέγεται.
2112 2399 2178 2409 --
2206 2376 2472 2432 Utrumque
2494 2375 2616 2416 inter
2634 2387 2681 2417 se
2714 2388 2771 2416 ex
2840 2412 2850 2416 -

1476 2452 1673 2511 Hippyis
1700 2449 1923 2494 sententia
1954 2448 2188 2492 cohaerere
2215 2446 2359 2490 facilis
2387 2445 2656 2503 conjectura
2685 2453 2766 2488 est.

1477 2523 1684 2570 Callistus
1722 2537 1758 2566 s.
1803 2519 2091 2575 Themistus,
2135 2518 2328 2563 Arcadis
2349 2519 2532 2572 matris,
2568 2517 2771 2561 fabulam

1477 2612 1615 2641 nemo
1634 2595 1794 2640 nescit.
1818 2590 2002 2655 οὐρανῷ]
2025 2591 2133 2635 cod.
2156 2590 2383 2650 Rhedig.;
2410 2591 2473 2634 sic
2491 2589 2772 2633 emendave-

1476 2678 1549 2714 rat
1566 2668 1662 2727 jam
1680 2667 1975 2713 Ca'saubonus
1999 2679 2087 2724 pro
2118 2678 2194 2724 vg.
2223 2663 2368 2726 ἀρανῶ
2397 2659 2591 2725 (Ἀράτῳ
2623 2662 2773 2705 voluit

1476 2742 1685 2787 Holsten.
1702 2739 1735 2801 ).

2104 2802 2148 2848 3.

1545 2891 1702 2938 Schol.
1729 2892 1842 2934 Eur.
1868 2888 1995 2933 Med.
2048 2902 2104 2931 1o
2148 2887 2207 2931 de
2240 2886 2406 2931 Medea
2443 2901 2454 2929 ι
2481 2882 2592 2949 Περὶ
2623 2882 2668 2929 δὲ
2698 2885 2774 2940 τῆς

1480 2966 1536 3018 εἷς
1554 2962 1760 3025 Κόρινθον
1787 2958 2075 3018 μετοικήσεως
2091 2956 2269 3010 Ἱππεὺς
2288 2957 2437 3019 (corr.
2457 2955 2642 3018 Ἵππυς)
2663 2955 2773 3004 ἐκτί-

1481 3041 1598 3084 θεται
1619 3034 1692 3083 καὶ
1709 3032 1978 3085 Ἑλλάνικος.
2005 3034 2127 3078 Hinc
2149 3033 2319 3093 procul
2343 3031 2488 3075 dubio
2514 3047 2525 3075 τ

1546 3110 1702 3156 Schol.
1729 3111 1842 3153 Eur.
1865 3105 1990 3153 Med.
2019 3121 2080 3149 20
2108 3121 2119 3148 :
2148 3102 2344 3160 Μήδειαν
2369 3100 2450 3148 ὑπὸ
2476 3100 2685 3150 Ἀκάστου
2702 3103 2773 3148 ἐκ·

1483 3185 1698 3229 πεσοῦσαν
1725 3177 1801 3225 συν
1815 3176 1973 3227 Ἰάσονι
1994 3174 2200 3232 Ἱππότης
2225 3173 2374 3221 υπεδέῖ
2357 3173 2682 3238 ςατοΚρέοντος
2698 3194 2772 3221 του

1482 3252 1717 3303 Λυκαίθου.
1739 3250 1794 3299 Ὁ
1817 3247 2031 3301 Λύκαιθος
2053 3245 2124 3305 δὲ,
2141 3245 2236 3293 ἐπει
2255 3245 2642 3321 Βελλεροφόντης”
2613 3265 2773 3330 ῳχετο,

1482 3319 1653 3390 ἠρξεν”
1631 3343 1705 3382 ετη
1731 3321 1820 3384 κζ’,
1848 3320 1995 3368 ἔπειτα
2017 3317 2167 3384 Κρέων
2193 3317 2260 3376 λ,
2284 3323 2376 3365 εἶτα
2395 3314 2618 3372 Ιππότης.
2649 3312 2772 3362 Emi

1484 3397 1528 3445 δὲ
1549 3395 1704 3445 Ἰάσων
1731 3393 1868 3458 ἔγημε
1887 3391 1964 3449 τὴν
1985 3390 2192 3440 Ἱππότου
2210 3389 2450 3455 θυγατέρα,
2466 3387 2562 3435 τότε
2584 3386 2635 3443 δὴ
2653 3385 2771 3433 κτεί-

1483 3488 1595 3517 νασα
1618 3467 1713 3521 τους
1735 3468 1893 3519 παῖδας
1914 3466 2069 3523 αὓτης,
2093 3462 2422 3510 ἀπαλλάσσεται
2441 3479 2546 3525 προς
2569 3458 2725 3522 Αἰγέα.

588 3618 937 3684 cimorum.

502 3745 692 3790 unius
723 3745 1001 3803 QmNQUss

743 3870 783 3907 1.

177 3945 325 3996 nippys
344 3947 547 3998 AEgyptios
561 3948 743 3988 omnium
767 3948 1064 3999 antiquissimos
1083 3947 1202 3987 tuisse
1221 3947 1304 3997 ait,
1328 3946 1410 3997 pri-

48 4020 66 4061 ·.‘
134 4005 298 4059 1110511110
327 4008 369 4048 111
385 4010 488 4050 aeris
515 4011 830 4061 temperaturam
859 4010 1109 4061 inquisivisse
1142 4022 1153 4049 ι
1183 4011 1307 4060 atque
1332 4008 1410 4049 Nili

43 4091 54 4107 ,-
130 4080 273 4121 aquam
291 4072 470 4123 apprime
489 4083 574 4113 esse
597 4073 838 4114 foecundam.

744 4154 788 4195 2.

180 4234 327 4284 Hippys
344 4234 543 4284 Rheginus
557 4236 709 4286 primus
723 4234 870 4276 dicitur
886 4235 1059 4276 Arcades
1074 4235 1296 4276 nominasse
1318 4238 1406 4275 Pro-

1484 3607 1661 3655 selenos,
1685 3605 1806 3655 atque
1831 3604 1984 3643 astrum
2012 3612 2104 3652 quae
2128 3610 2236 3640 nunc
2266 3600 2394 3650 ἅμαξα
2420 3597 2654 3649 appellatur,
2685 3596 2772 3634 tum

1484 3670 1624 3722 ἄρκτον
1640 3663 1844 3721 (ursam)
1862 3677 1946 3707 esse
1961 3666 2127 3760 (11οῑ111ῐέ

1533 3794 1594 3832 De
1613 3789 1753 3831 Medea
1771 3788 2010 3830 Corinthum
2033 3786 2321 3837 commigrante
2339 3781 2546 3834 exponunt
2563 3780 2710 3830 Hippys
2726 3782 2765 3817 et

1485 3855 1727 3895 Hellanicus.

1535 3918 1715 3958 Medeam
1733 3917 1784 3957 ab
1802 3918 1947 3957 Acasto
1960 3915 2114 3966 pulsam
2129 3924 2221 3953 011111
2245 3914 2384 3952 Iasone
2401 3909 2589 3959 Hippotes
2615 3906 2772 3955 excepit

1484 3982 1669 4022 Creontis
1684 3981 1811 4030 filius,
1827 3991 1952 4031 nepos
1967 3978 2161 4030 Lycaethi.
2179 3976 2390 4027 Lycaethus
2415 3983 2535 4019 vero,
2559 3971 2771 4020 postquam

1485 4045 1807 4095 Bellerophontes
1843 4043 2090 4090 decesserat,
2124 4039 2302 4090 regnavit
2344 4036 2457 4076 annis
2487 4037 2555 4081 27,
2588 4032 2773 4080 deinceps

1487 4112 1619 4149 Creon
1632 4109 1746 4149 annis
1770 4113 1844 4148 35·
1833 4139 1845 4159 ,
1867 4110 1957 4159 post
1974 4108 2081 4146 hunc
2097 4106 2301 4155 Hippotes.
2316 4102 2392 4141 Ubi
2409 4110 2504 4139 vero
2516 4090 2631 4137 Iason
2653 4095 2772 4135 duxit

1455 4173 1673 4223 Hippotae
1702 4172 1849 4221 filiam,
1880 4175 1968 4212 tum
1994 4171 2146 4220 Medea,
2178 4166 2392 4208 intersectis
2421 4163 2554 4203 liberis
2579 4161 2682 4210 suis,
2721 4160 2770 4199 ad

1483 4239 1644 4286 AEgeum
1671 4247 1712 4276 se
1729 4235 1907 4276 contulit.
