3008 4542
158 244 174 283 1
259 232 355 275 558

1158 223 1579 272 MANETHONIS

256 337 317 382 nd
341 335 454 395 dyn.
486 332 540 391 V,
566 330 649 379 ubi
675 330 892 393 primitus
915 330 1199 378 notabantur
1223 348 1353 393 reges
1381 331 1447 390 Δ’,
1468 334 1550 392 qui

256 420 471 452 numerus
488 402 658 451 deinde
677 405 792 451 abiit
813 406 863 450 in
885 403 971 452 ΛΑ
997 402 1070 462 (v.
1093 420 1230 464 supra
1244 401 1274 466 )
1294 405 1399 463 Quo
1422 421 1550 452 com-

253 482 412 537 misso,
458 488 602 538 quum
666 492 777 522 mox
812 477 1151 533 adverteretur,
1194 493 1446 522 numerum
1481 493 1548 522 re·

251 569 387 613 gum,
411 553 492 612 qui
514 548 736 596 undecim
761 551 981 611 dynastiis
1006 552 1236 595 recenseri
1260 550 1549 606 dicebantur,

252 627 468 685 exputari
487 623 581 670 hoc
598 624 745 668 modo
760 640 861 669 non
877 639 1013 684 posse
1028 658 1041 682 ,
1057 624 1172 667 alius
1196 623 1387 682 quidam
1398 657 1410 678 ‚
1430 631 1483 666 ut
1500 623 1551 666 in

253 691 468 741 ordinem
486 712 561 741 res
595 696 854 757 redigeret,
890 697 1087 740 mutavit
1113 710 1361 738 numerum
1384 709 1550 754 regum

251 769 473 829 dynastiae
499 778 673 814 octavae
691 779 737 813 et
758 784 911 815 nonae.
944 794 1007 803 --
1034 766 1176 825 Quod
1200 766 1372 810 deinde
1395 781 1549 810 anno-

250 858 354 886 rum
377 856 599 887 numeros
616 842 807 900 attinet,
834 842 884 884 in
903 841 1075 899 aprico'
1089 848 1156 883 est
1186 847 1435 898 corruptos
1455 854 1550 884 esse

168 927 170 930 ·
250 930 467 960 numeros
486 915 743 970 rotundos,
771 915 853 973 qui
877 913 1208 957 adscribuntur
1231 912 1343 972 dyn.
1370 913 1480 973 VIII
1504 922 1550 957 et

250 989 345 1046 IX;
381 1003 484 1048 quae
518 1003 664 1047 quum
690 988 779 1030 sint
812 985 986 1030 eaedem
1020 986 1069 1028 in
1098 985 1267 1043 quibus
1303 999 1551 1030 numerum

248 1075 410 1122 regum
433 1069 663 1106 mutatum
687 1074 782 1103 esse
802 1058 1013 1112 diximus,
1031 1058 1164 1102 facile
1180 1056 1281 1101 fieri
1303 1058 1477 1117 potuit,
1498 1066 1552 1102 ut

247 1134 508 1179 offenderet
518 1132 750 1192 quendam
762 1147 896 1175 nonae
906 1130 1123 1190 dynastiae
1132 1131 1319 1191 regibus
1329 1139 1550 1189 quattuor

250 1206 347 1266 (qui
364 1206 474 1250 olim
491 1205 672 1248 fuerant
705 1198 782 1265 19)
805 1202 1004 1247 adscribi
1026 1218 1172 1247 annos
1195 1207 1287 1262 409
1307 1201 1402 1265 (101
1425 1204 1547 1248 enim

245 1288 351 1323 sunt
374 1293 451 1338 ap.
473 1276 773 1337 Africanum)
799 1292 809 1319 :
826 1276 968 1336 igitur
982 1276 1070 1319 hos
1085 1275 1145 1319 ad
1165 1277 1423 1335 marginem
1444 1291 1550 1320 mu-

246 1352 411 1395 taverit
427 1352 475 1394 in
497 1364 741 1393 numerum
763 1349 1079 1392 centenarium
1088 1365 1100 1404 3
1130 1347 1255 1392 unde
1281 1348 1452 1392 deinde
1471 1349 1548 1393 hic

246 1438 468 1467 numerus
488 1422 672 1466 duobus
689 1421 803 1464 locis
819 1422 869 1464 in
900 1429 1080 1464 textum
1109 1421 1360 1479 irrepserit.
1382 1421 1548 1479 Itaque

244 1509 391 1539 annos
408 1494 520 1554 dyn.
539 1495 720 1540 VII-XI
732 1494 949 1553 primitus
962 1492 1149 1537 eosdem
1162 1493 1298 1537 fuisse
1314 1502 1453 1552 atque
1474 1508 1547 1553 ap.

246 1567 519 1611 Africanum
534 1567 919 1610 verisimillimum
935 1574 999 1609 est
1025 1564 1147 1627 [142
1171 1566 1247 1609 vel
1281 1564 1370 1617 146
1387 1582 1398 1621 ;
1416 1570 1510 1624 409
1528 1582 1541 1621 ;

255 1639 374 1696 185;
404 1640 489 1696 43;
516 1641 572 1684 16
608 1661 673 1679 =
711 1638 801 1699 795
826 1640 900 1683 vel
923 1637 1062 1700 799].
1100 1671 1161 1679 -
1195 1638 1338 1697 Quod
1363 1639 1547 1698 priores

243 1727 324 1756 sex
344 1712 573 1772 dynastias
589 1713 773 1768 attinet,
796 1712 1034 1770 Syncellus
1054 1711 1247 1771 quidem
1263 1713 1327 1756 ita
1348 1726 1547 1771 eompu-

247 1794 339 1840 tat‚
364 1794 418 1828 ut
440 1785 664 1829 Eusebius
688 1794 734 1828 et
757 1784 1004 1828 Africanus
1040 1785 1090 1827 in
1114 1799 1294 1828 summa
1313 1798 1545 1828 annorum

244 1858 365 1903 bene
393 1858 695 1901 consentiant.
731 1858 848 1901 Nam
879 1856 1006 1916 apud
1032 1856 1304 1901 Africanum
1325 1866 1546 1901 numerat

243 1946 391 1975 annos
431 1937 550 1990 1497
587 1928 676 1990 (ita
698 1945 778 1985 sc.,
811 1939 864 1973 ut
899 1929 1118 1988 dynastiae
1153 1939 1330 1988 quartae
1372 1929 1548 1975 tribuat

243 2018 351 2046 ann.
389 2002 538 2062 277),
582 2001 708 2061 apud
751 2001 1003 2045 Eusebium
1037 2002 1175 2060 ponit
1217 2016 1362 2047 annos
1405 2001 1546 2061 1498.

248 2078 422 2119 Verum
457 2090 603 2134 quum
635 2082 817 2133 pateat,
855 2089 997 2132 quam
1033 2074 1191 2135 inepte
1228 2073 1468 2133 Syncellus
1498 2075 1548 2117 in

247 2146 554 2207 supputandis
568 2146 773 2190 numeris
788 2146 1055 2190 Eusebianis
1072 2147 1219 2207 egerit
1230 2181 1242 2202 ,
1270 2147 1446 2207 quippe
1464 2147 1547 2205 qui

244 2220 435 2279 Phiopis
453 2234 599 2263 annos
621 2227 809 2262 0011111111
831 2227 979 2277 ponat
995 2233 1085 2279 pro
1109 2234 1286 2263 summa
1312 2234 1546 2264 annorum

244 2292 465 2351 dynastiae
483 2293 540 2347 V,
567 2292 759 2335 omnino
787 2292 905 2335 nihil
924 2292 994 2336 his
1026 2291 1333 2336 tribuendum
1365 2301 1449 2337 est.

309 2366 468 2410 Restat
496 2373 550 2408 ut
590 2379 908 2409 recenseamus
943 2365 1259 2411 Eratosthenis
1289 2380 1420 2426 reges
1457 2380 1549 2409 110-

243 2453 350 2482 vem
374 2439 455 2498 qui
475 2439 595 2482 inter
617 2437 872 2483 Nitoeridis
897 2445 943 2483 et
964 2439 1281 2484 Ammenemis
1303 2453 1449 2499 regna
1471 2440 1549 2482 in-

246 2512 424 2570 terjecti
443 2511 728 2571 respondere
751 2510 972 2557 videntur
990 2511 1363 2559 Manethonianis
1378 2511 1550 2573 dynas-

244 2585 318 2629 tiis
332 2586 417 2632 VII
431 2611 494 2619 --
509 2585 595 2630 XI.

645 2755 1135 2801 ERATOSTHENES.

625 2847 848 2908 (Dynast.
882 2848 1180 2911 VII—XI.)

310 2947 550 3007 Syncellus
570 2962 621 3005 p.
657 2952 773 3002 104,
802 2947 851 2991 C.
892 2963 1009 3005 109,
1038 2949 1092 2993 B.
1127 2947 1242 3004 123,
1267 2949 1345 2992 D:

312 3019 490 3066 xxtll.
527 3015 738 3074 Θηὸαίων
763 3016 830 3080 κγ’
865 3017 1118 3064 ἐδασίλευσε
1167 3018 1451 3082 Μυρταῗος
1486 3022 1543 3080 (l.

247 3092 288 3140 Ἀ
304 3090 586 3154 μυρταῖος)
603 3125 617 3152 ,
639 3088 976 3152 Ἀμμωνόδοτος,
997 3090 1071 3148 ἔτη
1096 3088 1186 3138 κδ’.
1208 3091 1297 3137 Τοῦ
1320 3089 1363 3136 δὲ
1383 3090 1548 3153 κόσμου

246 3156 297 3222 ἧν
322 3161 412 3216 ἔτος
435 3160 589 3227 Ιγφοςᾝ

315 3236 484 3283 XXIV.
527 3237 604 3297 (p.
652 3251 768 3295 109,
799 3234 881 3297 B.)
924 3231 1135 3291 Θηὸαίων
1170 3233 1236 3281 κδ’
1271 3234 1547 3283 ἐὸασίλευσεν

252 3307 629 3372 Θυωσιμάρης
669 3308 756 3369 (510
779 3310 833 3355 Β.
875 3307 1159 3372 Θυοσιμάρης
1193 3308 1287 3368 Α),
1314 3307 1544 3373 κραταιὸς,

256 3379 320 3428 δ”
303 3400 415 3428 εστιν
438 3379 557 3438 ἥλιος
585 3383 781 3442 (Bunsst
797 3379 1165 3472 ΤωσιμάΉρης,
1190 3381 1395 3445 κραταιός
1428 3383 1544 3429 ε’στιν

251 3454 423 3518 ἥλιος),
448 3452 524 3511 ἔτη
547 3452 621 3499 ιδ’.
651 3455 740 3501 Τοῦ
767 3452 811 3499 δὲ
835 3453 997 3516 κόσμου
1020 3457 1072 3511 ἠν
1097 3452 1187 3507 ἔτος
1210 3454 1372 3519 γφζηᾭ

315 3530 465 3577 XXV.
504 3526 717 3584 Θηὸαίων
744 3526 805 3574 κε’
828 3526 1078 3574 ἐὸασίλευσε
1115 3529 1392 3582 Σεθίνιλος
1434 3528 1547 3591 (Θί-

253 3602 391 3666 ριλΛος
425 3604 481 3648 Α.
510 3597 826 3664 Ἐνεντιφίναος
856 3602 1046 3662 Β11115.),
1083 3597 1110 3646 ὅ
1141 3602 1252 3647 ἐστιν
1289 3599 1475 3658 αὐξήσας
1502 3600 1550 3648 τὸ

252 3675 432 3738 πάτριον
453 3672 607 3738 κράτος
622 3709 635 3733 ‚
658 3671 733 3729 ἔτη
755 3671 812 3729 η’.
841 3674 931 3719 Τοῦ
958 3671 1001 3718 δὲ
1023 3671 1186 3734 κόσμου
1206 3666 1259 3731 ἦν
1285 3671 1374 3727 ἔτος
1395 3672 1514 3739 Ιγχῦ.

318 3749 495 3796 XXVI.
534 3744 745 3804 Θηὸαίων
770 3742 841 3797 κζ’
868 3743 1121 3791 ἐδασίλευσε
1145 3747 1182 3792 Σ
1196 3765 1258 3807 εμ
1271 3764 1363 3810 <ppo
1377 3746 1510 3811 υκρά
1524 3774 1549 3782 -

251 3840 349 3878 της
384 3821 482 3884 (Σε
505 3816 864 3884 μφουκρᾶτης
901 3819 1092 3879 Β11115.,)
1134 3815 1160 3863 ὅ
1191 3820 1304 3865 ἐστιν
1329 3817 1551 3882 Ἡρακλῆς

253 3893 569 3959 Ἁρποκράτης,
599 3890 674 3950 ἔτη
703 3890 779 3950 ιη’.
801 3892 891 3938 Τοῦ
913 3891 956 3936 δε
974 3889 1137 3951 κόσμου
1154 3910 1205 3948 ην
1227 3890 1316 3945 ἔτος
1338 3891 1484 3956 γχιηζ

319 3968 512 4015 XXVII.
534 3963 747 4022 Θηὸαίων
768 3962 831 4019 κζ’
849 3961 1101 4010 ἐβασίλευσε
1124 3961 1297 4020 Χουθὴ
1311 3982 1333 4027 ρ
1349 3965 1459 4011 Ταῦ
1472 3981 1552 4027 ρος

256 4039 561 4102 (Μεντουφ.
602 4040 692 4101 Ββ.
727 4034 940 4100 Ταύρης
981 4036 1175 4097 Β11115.),

254 4112 305 4167 ζ’.
334 4113 425 4159 Τοῦ
446 4109 489 4157 δὲ
514 4109 676 4172 κόσμου
696 4102 748 4167 ἧν
773 4107 863 4162 ἔτος
883 4107 1042 4172 ,γχλςᾭ

322 4183 538 4232 XXVIII.
553 4179 764 4239 Θηὸαίων
777 4179 846 4238 κη’
861 4178 1109 4227 ἐὸασίλευσε
1130 4181 1173 4227 Μ
1188 4198 1238 4225 ευ
1251 4178 1309 4244 ρὴ
1324 4199 1341 4231 ς
1369 4180 1442 4241 (Μ
1458 4187 1502 4226 εἳ
1519 4199 1551 4226 ι-

1220 4033 1441 4098 τύραννος,
1477 4034 1551 4093 ἔτη

1627 223 2024 274 SEBENNYTAE

1630 330 1723 396 ρής
1762 335 1901 380 Buns.
1907 335 1952 396 ),
1977 331 2249 398 φιλόσκορος,
2286 332 2360 391 ἔτη
2394 332 2472 382 ιδ’.
2498 335 2588 385 Τοῦ
2615 334 2657 382 δὲ
2683 335 2847 399 κόσμου
2872 329 2924 396 ἦν
2948 378 2953 402 μ.

1627 403 1717 457 ἔτος
1735 403 1902 469 γχμγ’.
2940 423 2984 456 {tn}

1692 478 1865 526 XXIX.
1884 476 2094 536 Θηὸαίων
2107 477 2172 525 κθ’
2189 475 2440 525 ἐὸασίλευσε
2457 480 2498 530 X
2512 497 2591 542 ωμ
2604 498 2629 525 α
2644 498 2662 526 ε
2675 479 2808 545 φθά
2795 479 2944 530 (Τω
2977 481 2985 542 '3

1628 549 1845 615 μαεφθά
1867 553 2004 599 Buns.
2024 552 2066 613 )‚
2095 548 2257 612 κόσμος
2291 549 2644 648 φιλήφαιστος,”
2622 570 2697 610 ετη
2723 551 2796 600 ια’.
2833 555 2947 601 Τοῦ
2946 552 2985 574 ”

1629 619 1674 667 δὲ
1697 620 1862 683 κόσμου
1885 614 1988 680 ἦν’
1963 641 2054 676 ετος
2078 623 2228 687 γχνεἌ
2975 666 2987 683 ff

1691 694 1842 743 ΧΧ.Χ
1874 693 2088 752 Θηὸαίων
2127 693 2166 741 λ’
2200 693 2455 742 ἐδασίλευσε
2498 694 2744 750 Σοικούνιος
2770 695 2928 765 ὃχοτύ-
2959 687 2962 690 ⁴
2987 707 2988 710 ’

1627 784 1774 829 ραννος
1805 766 1820 829 (
1835 769 2091 821 Σοικοῦνις..
2102 803 2132 814 ..
2162 769 2218 821 ὡς
2240 760 2378 831 Ὦχος
2399 767 2602 832 τύραννος
2625 771 2766 819 Buns.
2782 770 2828 833 ),
2851 767 2948 829 ἔτη
2983 766 2987 771 ’

1627 836 1675 891 ξ’.
1698 840 1788 886 ’1οῦ
1811 837 1855 885 δὲ
1875 838 2038 900 κόσμου
2063 858 2116 896 ην
2135 837 2226 893 ἔτος
2246 839 2398 904 γ·χ’ξς·.
2499 879 2508 891 ,

1691 911 1871 960 XXXI.
1900 911 1975 974 (p.
2001 913 2090 957 123
2106 911 2447 974 ,1),1Θη6αίων
2461 911 2531 959 λα’
2550 911 2804 964 ἐδασίλευσε
2822 916 2926 964 Πε-

1626 1001 1716 1028 τεα
1729 987 1783 1030 θυ
1796 1003 1905 1048 ρης,
1939 982 2015 1041 ἔτη
2043 982 2100 1036 ις’
2106 1021 2117 1032 .
2141 985 2232 1032 Τοῦ
2253 984 2297 1032 δὲ
2317 985 2482 1046 κόσμου
2506 977 2556 1043 ἦν
2574 984 2663 1039 ἔτος
2683 985 2838 1053 Ιγψκεέ.

1692 1058 1911 1117 Sequitur
1949 1060 2271 1102 Ammenemes
2309 1060 2391 1118 qui
2423 1058 2551 1117 apud
2585 1057 2711 1105 Man.
2749 1062 2933 1120 primus
2992 1093 2994 1095 -

1623 1144 1709 1174 rex
1733 1140 1800 1174 est
1821 1130 2040 1189 dynastiae
2069 1129 2376 1176 duodecimae.
2404 1155 2469 1163 —
2492 1130 2558 1175 De
2583 1132 2925 1179 emendationi-

1624 1203 1712 1247 bus
1727 1203 1818 1246 suis
1833 1202 2091 1248 Bunsenius
2110 1210 2226 1248 tom.
2247 1203 2338 1258 111,
2354 1218 2404 1262 p.
2426 1201 2486 1246 65
2502 1218 2568 1263 sq.
2591 1210 2785 1250 annotat
2809 1206 2928 1253 haec.

1691 1275 1869 1322 XXIII.
1911 1272 2195 1337 Ἀμυρταῖος]
2221 1293 2240 1315 α
2258 1275 2292 1320 1.
2318 1290 2359 1321 0.
2382 1275 2716 1333 Ama-herda,
2737 1279 2796 1322 ab
2819 1282 2932 1327 Am-

1623 1363 1766 1392 mone
1803 1349 1939 1392 Horo
1961 1347 2107 1393 datus,
2130 1346 2270 1393 Unde
2311 1355 2357 1392 et
2388 1350 2646 1407 Amyrtaeus
2678 1349 2730 1392 in
2761 1351 2928 1395 seriori
2962 1390 2964 1392 ,

1624 1421 1731 1480 AEg.
1762 1420 1972 1465 historia.
2005 1439 2023 1459 υ
2066 1421 2206 1466 Tom.
2242 1420 2401 1479 11,·p.
2438 1419 2530 1477 267
2557 1421 2754 1468 Β11115011.
2780 1430 2935 1468 censet

1624 1495 1911 1552 Amyrtaeum
1951 1491 2152 1536 eundem
2190 1506 2283 1536 esse
2317 1508 2425 1536 eum
2455 1494 2610 1538 Amasi
2651 1509 2791 1554 quem
2827 1503 2936 1543 ante

1625 1567 1787 1610 Maren
1809 1579 2022 1626 regnasse
2041 1564 2183 1609 tradit
2198 1564 2488 1619 DiodorusI,
2512 1565 2601 1622 60,
2628 1581 2667 1611 1.
2687 1566 2831 1625 Quod
2849 1567 2932 1612 ad·
2959 1600 2961 1604 -
2994 1582 3000 1589 ”

1626 1638 2222 1684 dubitaverim.-—XXIV.
2252 1656 2273 1677 «
2298 1637 2498 1683 Vocibus
2508 1639 2741 1685 Eratosth.
2766 1629 2963 1704 κράτος..

1625 1709 1829 1774 κραταιός
1842 1726 2027 1770 semper
2044 1711 2141 1755 fere
2164 1710 2420 1770 respondet
2442 1711 2491 1754 in
2506 1712 2774 1757 nominibus
2789 1714 2934 1774 AEgy-
2956 1704 2959 1709 ¹

1623 1785 1787 1844 ptiacis
1806 1788 1915 1828 tosis
1935 1784 2011 1827 vel
2030 1788 2156 1830 casis.
2178 1785 2247 1828 Ita
2265 1798 2422 1844 regem
2447 1792 2663 1828 octavum
2677 1785 2934 1832 Sesortasin
2958 1799 2963 1812 ’·
2997 1808 3002 1840 z:

1623 1859 1954 1916 interpretatus
1973 1871 2068 1900 esse
2090 1855 2280 1900 videtur
2305 1851 2648 1919 Ἧγησίκρατος,
2673 1857 2928 1904 Βεεοηοεὶη

1623 1946 1738 1976 vero
1760 1929 2052 1974 duodecimae
2077 1929 2297 1988 dynastiae
2321 1925 2492 1992 Ἑρμῆς
2521 1925 2549 1984 ἢ
2577 1925 2801 1988 Ἡρακλῆς
2827 1933 2923 1991 (Se-
2960 1980 2965 1987 ,
2999 1955 3005 1989 ἰ

1624 2003 1725 2064 sor)
1747 1998 1950 2064 κραταιός
1973 2003 2112 2046 vertit
2129 2036 2142 2057 ‚
2159 2003 2355 2048 Ratosin
2386 2017 2546 2062 regem
2577 2003 2699 2048 XIII
2724 2001 2933 2068 ἀρχικρᾶ-
2969 2046 2972 2051 ,

1624 2092 1727 2139 τωρ.
1752 2075 1906 2132 Quare
1928 2074 2084 2118 nullus
2107 2073 2301 2131 dubito,
2323 2074 2440 2134 quin
2462 2074 2556 2118 hoc
2572 2090 2749 2120 nomen
2772 2076 2933 2136 legen·
2966 2086 2972 2091 ’
3000 2065 3005 2140 f

1626 2143 1742 2189 dum
1783 2147 1843 2191 sit
1874 2143 2173 2207 Τωσιμάρης,
2212 2144 2347 2207 quod
2370 2145 2431 2192 ad
2470 2146 2655 2191 literam
2676 2147 2934 2193 secundum
2964 2151 2966 2155 “
3002 2167 3006 2199 3

1624 2218 1864 2279 vulgarem
1883 2219 2215 2278 AEgyptiorum
2241 2217 2447 2278 linguam
2465 2217 2557 2262 hoc
2580 2227 2648 2263 est
2669 2233 2680 2263 :
2694 2217 2844 2276 fhrtis
2866 2221 2936 2266 lo-

1625 2305 1704 2334 cus
1730 2292 1865 2348 solis,
1900 2292 1985 2335 ubi
2008 2292 2133 2335 locus
2155 2290 2335 2350 copulae
2370 2290 2520 2334 vicem
2543 2292 2640 2352 agit
2671 2291 2748 2337 vel
2793 2307 2932 2354 agere
3002 2288 3006 2306 ¹

2261 2383 2280 2402 »s
2310 2388 2377 2397 —
2409 2363 2561 2411 XXV.
2593 2361 2925 2431 Ἐνεντιφίναος]
3007 2377 3008 2380 ’

1626 2437 1698 2481 113
1717 2438 1899 2497 scripsit
1920 2437 2176 2483 Bunsenius
2199 2434 2286 2497 (ΙΙ,
2305 2452 2353 2496 p.
2373 2433 2466 2480 255
2483 2434 2523 2496 ),
2539 2437 2684 2482 latere
2703 2438 2754 2482 in
2772 2439 2934 2499 graecis
2978 2463 2979 2466 =
3006 2448 3007 2453 ’

1625 2364 1921 2408 Eratostheni
1957 2363 2221 2411 videbatur.

1625 2518 1828 2555 statuens
1849 2526 2026 2571 nanen
2061 2518 2229 2570 aegypt.
2272 2506 2541 2566 Nantefna,
2573 2509 2623 2553 in
2654 2525 2751 2569 quo
2779 2507 2860 2568 τρί’
2869 2519 2936 2559 est

1621 2593 1776 2645 pacem
1801 2599 1868 2629 na
1894 2581 2124 2646 significat
2142 2596 2355 2643 magam.
2375 2607 2443 2621 --
2458 2582 2656 2630 XXVII.
2681 2579 2934 2633 ἐὸασίλευσε

1627 2658 1849 2721 Μεντουφ.
1867 2657 1995 2714 κτλ.]
2021 2659 2128 2702 Haec
2152 2657 2422 2704 abbreviata
2441 2672 2530 2716 pro
2552 2653 2806 2705 ἐδασίλευσε
2824 2657 2951 2704 Meis-s

1625 2733 1772 2794 τοῦφις
1785 2727 2056 2793 Νεὸταύρης,
2078 2727 2296 2794 τύραννος.
2326 2730 2597 2790 Mentuphis
2619 2739 2686 2774 est
2717 2730 2932 2775 Mentua·
2987 2780 2990 2782 v

1628 2814 1722 2864 tep5
1745 2805 1834 2849 neb
1857 2803 2085 2864 significat
2105 2802 2350 2859 dominus;
2377 2812 2423 2847 tu
2443 2803 2651 2861 (coptice
2679 2800 2799 2863 tao),
2816 2817 2931 2862 per-
2980 2838 2981 2841 ,

1626 2876 1786 2921 fectus.
1810 2877 2132 2921 Eratosthenes
2153 2877 2294 2936 igitur
2315 2876 2441 2919 hunc
2461 2874 2738 2933 Mentuphin
2757 2875 2803 2917 11
2816 2873 2935 2919 dixit

1627 2951 1910 3008 Nebtayres,
1940 2949 2218 3002 Neb-tu-ra‚
2244 2947 2406 2992 addito
2423 2947 2615 2990 nomine
2645 2946 2856 3004 familiae,
2883 2955 2934 2991 ut
2979 2979 2985 3002 ζ

1626 3021 1930 3081 distingueret
1962 3036 2070 3064 eum
2107 3035 2132 3063 a
2165 3019 2413 3078 Mentuphi
2454 3019 2492 3062 I.
2523 3017 2642 3063 Vide
2675 3019 2815 3062 Buns.
2853 3019 2930 3076 11,

1623 3108 1674 3153 p.
1699 3093 1808 3153 259.
1829 3093 2105 3153 Respondet
2129 3107 2220 3146 rex,
2233 3092 2414 3136 nomini
2425 3091 2523 3136 XX
2546 3091 2638 3135 tab.
2652 3091 2846 3136 Garnae.
2869 3117 2933 3126 -—

1623 3166 1846 3212 XXVIII.
1871 3163 2150 3228 φιλόσκορος,
2173 3165 2203 3210 i.
2223 3179 2266 3208 e.
2289 3179 2456 3208 amans
2465 3164 2725 3224 pupzllam
2748 3162 2817 3208 Cf.
2850 3178 2933 3211 rex

1624 3238 1912 3284 undecimus,
1930 3262 1996 3272 —
2015 3238 2200 3283 XXIX.
2225 3234 2523 3310 φιλήῗαιστος,
2543 3237 2573 3282 i.
2594 3252 2634 3283 e.
2658 3244 2828 3297 aegypt.
2854 3236 2932 3280 To-

1627 3316 1751 3356 mae?-
1733 3311 1950 3358 -Plztatlz.
1975 3336 2041 3345 —-
2068 3310 2226 3355 XXX.
2257 3311 2315 3363 ὡς
2344 3308 2417 3355 Ω
2406 3308 2562 3372 Ᾰος]
2553 3308 2660 3354 ‹.Cf
2697 3308 2930 3356 Plutarch

1625 3387 1696 3429 De
1711 3386 1769 3431 Is.
1787 3392 1832 3428 et
1849 3385 1926 3428 Os.
1950 3399 1990 3431 0.
2010 3398 2069 3443 9:
2092 3379 2182 3429 Καὶ
2202 3378 2287 3444 γὰρ
2303 3379 2419 3427 τὸν’
2395 3379 2622 3443 ωμότατον
2644 3381 2828 3445 Περσῶν
2851 3383 2931 3444 βα-

1627 3453 1750 3501 σιλέα
1772 3472 1847 3500 και
1884 3451 1989 3518 φοὸε
1971 3452 2185 3528 ..ρώτατον
2219 3444 2360 3515 Ὦχον
2383 3450 2699 3499 ἀποκτείναντα
2722 3447 2928 3509 πολλοὺς,

1626 3526 1745 3580 τέλος
1776 3524 1819 3573 δὲ
1845 3525 1919 3572 καὶ
1943 3524 2016 3572 τὸν
2038 3517 2168 3573 Ἆπιν
2195 3523 2504 3590 ἀποσφάξαντα
2529 3523 2603 3571 καὶ
2635 3521 2929 3609 κατμδειπνή-
2964 3548 2965 3551 “

1627 3619 1763 3647 σαντα
1787 3597 1915 3687 μετὰη
1915 3618 2001 3645 των
2021 3597 2155 3663 φίλων
2179 3597 2389 3645 ἐκάλεσαν
2410 3596 2634 3662 μάχαιραν
2658 3594 2731 3642 καὶ
2749 3596 2931 3643 καλοῦσι

1628 3670 1756 3736 μέχρι
1776 3675 1847 3716 νῦν
1869 3668 2002 3724 οὕτως
2018 3671 2062 3716 ἐν
2089 3672 2151 3734 τῷ
2175 3669 2406 3733 καταλόγῳ
2427 3672 2511 3715 τῶν
2537 3667 2765 3733 βασιλέων,
2783 3669 2830 3714 οὗ
2850 3686 2931 3714 κυ-
2963 3686 2965 3689 ’

1628 3744 1726 3810 ρίως
1757 3742 1895 3800 δήπου
1919 3741 1996 3800 τὴν
2021 3741 2168 3789 οὐσίαν
2210 3743 2342 3789 αὐτοῦ
2366 3740 2650 3803 σημαίνοντες
2667 3777 2681 3801 ,
2719 3738 2832 3787 ἀλλὰ
2853 3743 2930 3786 τοῦ
2967 3741 2970 3745 ’

1626 3815 1785 3880 τρόπου
1822 3814 1901 3872 τὴν
1952 3813 2226 3879 σκληρότητα
2262 3812 2336 3860 καὶ
2360 3812 2518 3860 κακίαν
2552 3812 2722 3877 ὀργάνῳ
2770 3813 2955 3878 φονικῷ-

1628 3887 1976 3952 παρεικοίζοντες.
2001 3888 2211 3932 Soicunis
2241 3903 2266 3931 a
2297 3887 2455 3931 radice
2495 3887 2581 3931 ken
2599 3885 2925 3940 derivandum,
2951 3916 2955 3922 ·

1629 3979 1731 4022 quae
1754 3960 2074 4019 confodiendi,
2087 3960 2344 4020 jugulandi
2363 3961 2457 4003 vim
2478 3959 2619 4004 habet
2635 3993 2648 4015 ,
2670 3967 2723 4004 111
2746 3958 2929 4018 coptice
2947 3955 2950 3957 ’

1629 4035 1760 4090 46115,
1797 4033 1924 4081 unde
1964 4033 2094 4087 kens,
2139 4033 2388 4077 confessio.
2427 4035 2529 4077 Jam
2573 4047 2686 4076 vero
2727 4045 2872 4091 quum
2907 4027 2968 4072 s?

1629 4107 1931 4169 praepositum
1977 4106 2260 4150 transitivam
2299 4105 2467 4150 reddat
2518 4104 2748 4158 radicem,
2803 4102 2928 4146 s-ken
2952 4120 2954 4146 ς

1631 4180 1836 4241 gladium
1862 4180 2039 4239 optime
2064 4179 2326 4238 exprimere
2353 4177 2554 4232 videtur,
2590 4176 2717 4235 quasi
2744 4172 2930 4223 consose
2956 4199 2959 4205 ,
