3016 4628
276 325 363 368 126

269 424 488 492 κληρωταί
514 442 558 471 τε
581 415 692 481 ἦσαν
726 422 775 468 ἐκ
797 419 985 465 παλαιοῦ
1024 413 1097 462 καὶ
1131 414 1180 461 δι’
1209 414 1349 460 αὐτῶν
1379 413 1417 457 οἳ
1442 410 1554 456 δοκι-

271 499 502 561 μασθέντες
527 494 750 542 ἀνέὸαινον
769 493 828 542 εἷς
840 489 1003 555 Ἄρειον
1028 487 1180 550 πάγον.
1205 484 1282 534 Διὸ
1303 483 1376 530 καὶ
1394 482 1557 544 μᾶλλον

271 569 452 635 ἰσχύσας
482 572 505 616 ὃ
542 567 759 632 Περικλῆς
797 565 839 611 ἐν
875 565 937 627 τῷ
976 560 1100 624 δήμῳ
1134 554 1447 605 κατεστασίασε
1481 550 1558 607 τὴν

275 642 431 707 βουλὴν
446 678 459 700 ,
473 639 586 688 ὥστε
607 637 684 695 τὴν
700 635 777 700 μὲν
799 637 1080 701 ἀφαιρεθῆναι
1095 629 1169 684 τὰς
1181 628 1385 679 πλείστας
1402 624 1560 689 κρίσεις

274 714 327 762 δι’
350 712 584 779 Ἐφιάλτου
602 747 616 773 ,
638 709 822 772 Κίμωνα
850 706 884 754 δ’
905 709 961 758 ὡς
984 701 1256 768 φιλολάκωνα
1285 698 1358 745 καὶ
1377 696 1560 759 μισόδη-

276 805 355 848 μον
379 785 782 847 ἐξοστρακισθῆναι,
816 777 990 842 πλούτῳ
1015 774 1091 836 μὲν
1127 772 1200 820 καὶ
1234 770 1344 833 γένει
1385 767 1562 830 μηδενὸς

275 855 634 919 ἀπολειπόμενον,
668 853 788 907 νίκας
825 852 869 898 δὲ
910 847 1143 898 καλλίστας
1176 841 1425 897 νενικηκότα
1465 836 1561 889 τοὺς

279 929 522 995 βαρὸάρους
544 927 618 975 καὶ
641 925 878 991 χρημάτων
902 922 1072 968 πολλῶν
1103 916 1176 963 καὶ
1196 912 1397 978 λαφύρων
1429 912 1562 971 ἐμπε-

276 1001 474 1060 πληκότα
492 999 569 1056 τὴν
590 999 732 1046 πόλιν.

340 1073 623 1121 Demonides
642 1074 717 1116 hie
748 1070 871 1114 idem
894 1083 1001 1112 cum
1027 1059 1289 1110 Damonide
1305 1092 1316 1113 ,
1339 1056 1563 1102 Damonis

277 1146 492 1208 (musici)
526 1155 686 1205 patre,
722 1157 857 1201 quem
894 1137 1052 1185 Ὄαθεν
1083 1149 1175 1179 esse
1203 1132 1314 1175 dicit
1339 1129 1563 1187 Stephan.

277 1222 386 1279 Byz.
407 1235 443 1265 s.
459 1236 505 1265 v.
525 1213 631 1264 Ὀα.
658 1214 873 1261 Confusio
902 1211 1149 1254 demorum
1170 1200 1278 1259 Οἴης
1299 1210 1344 1245 et
1367 1196 1478 1255 ’Όης
1498 1200 1563 1243 fa-

278 1293 472 1347 cillima3
495 1308 539 1336 v.
562 1288 756 1334 Sintenis
776 1285 834 1329 ad.
862 1285 895 1329 l.
912 1284 1034 1327 Plut.
1064 1282 1277 1324 Ceterum
1293 1275 1348 1320 ef.
1368 1274 1561 1319 Aristot.

277 1360 383 1411 Pol.
405 1366 476 1418 ΙΙ,
503 1380 556 1422 9,
585 1361 628 1404 3.

878 1450 958 1505 67.

351 1556 580 1600 Plutarch.
611 1551 773 1596 Pericl.
804 1564 858 1592 10
886 1561 896 1593 t
925 1542 1164 1608 Ἐφιάλτην
1185 1538 1260 1601 μὲν
1283 1529 1354 1584 οὖν
1381 1533 1562 1600 φοὸερὸν

281 1627 382 1673 ὄντα
412 1632 497 1678 τοῖς
515 1620 801 1685 ὀλιγαρχικοῖς
831 1617 902 1664 καὶ
924 1614 1022 1678 περὶ
1044 1613 1121 1666 τὰς
1153 1609 1329 1661 εὐθύνας
1353 1607 1427 1654 καὶ
1464 1605 1564 1652 διώ-

283 1698 362 1752 ξεις
398 1700 481 1744 τῶν
506 1695 576 1742 τὸν
613 1695 744 1754 δῆμον
767 1689 1021 1736 ἀδικούντων
1060 1682 1354 1748 ἀπαραίτητον
1387 1679 1567 1726 ἐπιδου-

283 1770 510 1822 λεύσαντες
539 1770 577 1815 οἱ
598 1764 739 1830 ἐχθροὶ
769 1764 820 1809 δι’
848 1761 1131 1824 Ἀριστοδίκου
1156 1760 1230 1803 τοῦ
1262 1756 1567 1818 Ταναγρικοῦ,

285 1841 501 1907 κρυφαίως
520 1841 703 1894 ἀνεῖλον,
732 1842 787 1889 ὼς
818 1831 1110 1898 Ἀριστοτέλης
1141 1828 1327 1894 εἴρηκεν.
1353 1828 1569 1888 Ignorari

284 1916 419 1960 caedis
441 1922 648 1959 auctores
678 1911 838 1955 dicunt
859 1907 1098 1966 Antiphon
1120 1907 1190 1949 De
1212 1901 1336 1947 eaede
1369 1900 1572 1945 Herodis

341 2005 416 2046 77,
441 1996 484 2031 et
506 1985 742 2031 Diodorus
760 1983 831 2027 XI
849 2015 860 2036 ‚
892 1997 974 2045 77.-

355 2060 480 2104 ldem
522 2058 634 2102 ibid.
671 2072 711 2103 c,
754 2055 813 2098 28
854 2053 911 2097 de
953 2051 1140 2096 Periclis
1169 2049 1218 2091 in
1257 2047 1436 2092 samios
1471 2061 1574 2089 eru-

284 2133 469 2176 delitate
492 2131 605 2173 nihil
627 2127 809 2172 tradere
830 2123 1117 2170 Aristotelem
1140 2121 1254 2165 dicit
1269 2154 1282 2178 ‚
1306 2118 1438 2178 quod
1457 2119 1572 2162 Plu-

284 2204 467 2247 tarchus
505 2208 663 2244 monet
701 2208 862 2243 contra
902 2195 1128 2241 Duridem
1155 2191 1243 2253 (fr.
1287 2187 1405 2253 60);
1447 2189 1573 2234 idem

284 2291 325 2318 c.
355 2274 414 2318 26
453 2275 675 2317 Peric'em
699 2287 722 2314 a
746 2271 926 2315 Melisso
952 2267 1121 2327 proelio
1142 2265 1293 2308 navali
1316 2264 1492 2307 victum
1516 2278 1573 2307 ex

287 2347 530 2392 Aristotele
554 2353 728 2389 narrat:
750 2345 807 2388 V.
830 2344 966 2400 Resp.
988 2339 1267 2385 Samiorum.

882 2438 963 2486 68.

353 2551 508 2595 Schol.
551 2549 787 2608 Aristoph.
821 2549 959 2605 Vesp.
987 2543 1079 2599 684
1110 2558 1121 2590 τ
1166 2544 1207 2590 T
1210 2546 1308 2589 οῧτο
1341 2540 1385 2588 δὲ
1412 2547 1498 2603 (sc.
1525 2538 1575 2606 τὸ

290 2619 546 2680 δικαστικόν)
567 2619 718 2665 ἄλλοτε
742 2616 881 2670 ἄλλως
906 2615 1084 2676 ἐδίδοτο,
1103 2617 1188 2661 τῶν
1212 2615 1488 2677 δημαγωγῶν
1515 2610 1571 2659 τὰ

288 2693 430 2749 πλήὺη
454 2690 768 2739 κολακευόντων
785 2727 798 2752 ,
815 2689 870 2743 ὥς
887 2708 1014 2748 φησιν
1039 2688 1130 2754 Ἀρ.
1158 2690 1201 2734 ἐν
1220 2686 1482 2741 Πολιτείαις.
1509 2714 1576 2722 —-

291 2767 362 2813 Cf.
387 2767 531 2812 schol.
557 2766 615 2810 ad
635 2767 754 2810 Plut.
781 2765 874 2824 329
899 2780 909 2808 :
930 2763 1029 2826 Οὐχ
1051 2759 1202 2808 ἵστατο
1225 2766 1298 2808 τοῦ
1324 2761 1575 2806 δικαστικοῧ

293 2842 316 2885 ὃ
341 2837 514 2899 μισθὸς,
541 2836 651 2884 ἀλλὰ
678 2835 787 2883 κατὰ
814 2835 959 2901 καιρὸν
997 2834 1277 2896 μετέὲαλλον.
1318 2836 1387 2881 Cf.
1423 2835 1572 2879 schol.

292 2914 411 2958 Rau.
440 2917 553 2966 1407
569 2914 654 2956 Av.
682 2910 822 2966 1541,
840 2912 975 2969 Vesp.
1000 2909 1079 2956 88.
1105 2909 1214 2957 300.
1238 2909 1333 2968 609
1362 2918 1448 2954 etc.
1470 2909 1575 2952 Ari-

294 2993 405 3030 stot.
427 2984 564 3029 Polit.
585 2985 671 3041 IV,
704 2988 727 3035 4
742 3017 754 3038 ,
783 2982 836 3038 53
857 2986 921 3044 V,
946 2998 998 3043 9,
1027 2982 1073 3026 3.
1089 2982 1280 3028 Boeckh.
1304 2981 1516 3026 Staatsh.
1537 2982 1576 3038 Ι,

264 3159 273 3175 ν
295 3128 519 3165 sacrorum,
551 3127 680 3166 neque
701 3116 978 3166 polemarchus
1007 3118 1113 3156 sorte
1138 3117 1224 3156 erat
1246 3117 1397 3166 lectus;
1426 3127 1520 3155 nam
1540 3114 1582 3154 hi

297 3182 547 3231 magistratus
568 3183 674 3220 sorte
703 3182 917 3231 antiquitus
936 3182 1224 3231 obveniebant,
1250 3193 1298 3221 ac
1317 3181 1387 3232 qui
1413 3192 1455 3221 se
1477 3181 1516 3220 in
1537 3180 1584 3219 iis

300 3245 491 3283 obeundis
527 3245 777 3295 probassent,
812 3245 837 3283 ii
860 3245 899 3283 in
926 3247 1106 3285 senatum
1134 3245 1451 3296 Areopagiticum
1487 3255 1583 3284 coo·

300 3309 527 3360 piabantur.
555 3309 742 3347 Ceterum
759 3309 891 3358 populi
909 3309 1055 3348 auxilio
1073 3310 1243 3349 Pericles
1260 3311 1445 3349 senatum
1462 3309 1584 3348 istum

302 3374 471 3413 factione
488 3383 559 3412 sua
582 3372 677 3411 vicit
696 3373 908 3422 effecitque
929 3384 1048 3422 opera
1072 3374 1266 3424 Epliialtis
1281 3405 1292 3421 ,
1321 3376 1368 3414 ut
1395 3374 1430 3414 ei
1457 3372 1585 3423 maior

302 3448 390 3487 pars
407 3435 648 3485 judiciorum
669 3435 921 3485 adimeretur,
945 3437 1166 3487 Cimonque
1180 3439 1372 3488 tanquam
1403 3437 1585 3478 Lacedoe-

305 3500 526 3540 moniorum
560 3499 703 3547 fautor,
724 3500 764 3537 et
797 3499 971 3539 infensus
1008 3502 1185 3551 populo,
1221 3502 1456 3541 ostracismo
1486 3501 1587 3541 urbe

303 3565 525 3613 exigeretur
547 3579 556 3602 :
579 3562 648 3611 qui
668 3565 707 3602 et
733 3564 883 3603 divitiis
897 3566 937 3604 et
952 3576 1093 3614 genere
1112 3566 1260 3606 nemini
1282 3566 1482 3606 secundus
1495 3596 1506 3616 ,
1523 3566 1586 3605 vi·

301 3628 446 3668 ctorias
474 3626 524 3666 de
543 3626 719 3665 barbaris
749 3628 1034 3677 pulcherrimas
1052 3631 1346 3680 reportaverat,
1365 3630 1588 3679 urbemque

304 3702 443 3743 magna
458 3692 634 3742 pecuniae
650 3692 689 3729 et
706 3691 920 3741 spoliorum
940 3693 1051 3742 copia
1071 3695 1305 3744 repleverat.

902 3758 973 3797 67.

355 3823 583 3866 Aristoteles
598 3824 738 3863 auctor
769 3825 827 3862 est
851 3825 1040 3875 Epliialti,
1066 3827 1175 3877 quod
1195 3829 1298 3868 esset
1325 3827 1376 3867 iis
1400 3828 1469 3878 qui
1494 3839 1588 3879 pau-

306 3901 446 3930 mrum
466 3889 507 3928 in
526 3887 728 3939 republica
757 3888 994 3939 principatui
1030 3891 1273 3942 studebant,
1306 3892 1589 3942 formidabilis,

307 3955 427 4005 inque
455 3964 594 3994 eorum
617 3952 684 4002 qui
706 3952 860 4003 plebem
890 3953 1078 3994 laesissent
1111 3956 1345 3996 criminibus
1370 3956 1592 3996 deferendis

307 4020 425 4059 nimis
449 4016 596 4067 rigidus
610 4048 621 4066 ‚
643 4015 823 4056 inimicos
847 4016 1008 4058 insidias
1034 4019 1223 4059 struxisse
1239 4032 1358 4071 opera
1380 4021 1590 4062 Aristodici

308 4082 509 4133 Tanagroei
533 4081 635 4121 clam
651 4080 854 4120 occidisse.

893 4151 963 4189 68.

362 4226 713 4275 Menrosjudicialis
722 4225 810 4265 aliis
820 4224 1062 4274 temporibus
1073 4224 1149 4263 alia
1164 4225 1345 4274 (labatur,
1364 4226 1593 4277 demagogis
1626 4271 1632 4277 ,

1165 297 1566 351 ARlSTOTELlS
1602 288 2005 344 FRAGMENTA.
2045 340 2054 344 ἢ

1591 421 1599 775 ι

1595 779 1607 1578 l

1628 424 1679 468 p.
1703 405 1827 460 2503
1865 404 2123 447 Hermann.
2146 387 2173 454 S
2197 395 2306 448 134,
2334 385 2720 450 193Schoemann.
2739 406 2791 456 p.
2818 386 2967 458 3105-

2236 487 2316 547 69.

1698 597 1872 644 Zenob.
1906 595 1994 647 Vl,
2035 606 2095 649 29
2144 604 2154 631 :
2194 582 2357 649 Ὑπὲρ
2395 581 2458 630 τὰ
2500 573 2965 647 Καλλικράτουςῖ

1633 663 1860 730 Κλέαρχός
1883 679 2011 728 φησιν
2044 657 2109 706 ὅτι
2135 653 2445 720 Καλλικράτης
2492 673 2554 707 τις
2576 652 2743 717 ἐγένετο
2762 655 2807 701 ἐν
2834 657 2890 705 Κ
2911 672 2926 713 ᾗ
2958 676 2968 728 γ

1638 740 1780 803 ρύστῳ
1800 731 2136 789 πλουσιώτατος.
2172 727 2227 776 Εἴ
2249 746 2356 775 ποτε
2383 725 2624 788 ἐθαύμαζόν
2643 744 2739 772 τινα
2762 727 2801 773 οἱ
2850 756 2858 770 .
2886 755 2892 765 ·
2931 790 2935 791 ⁷
2963 729 2966 751 ⁸

1637 810 1798 876 ρύστιοι
1830 806 1901 853 ἐπὶ
1935 802 2112 865 πλούτῳ
2144 799 2449 865 ὖπερὸολικῷ,
2477 797 2653 862 ἔλεγον,
2691 796 2932 864 ιΥιηςὲργτ

1638 877 2075 941 Καλλικράτους.
2100 872 2410 939 Ἀριστοτέλης
2433 870 2479 919 δέ
2509 889 2638 938 φησιν
2675 871 2719 918 ἐν
2739 874 2794 935 τῇ
2817 874 2962 933 Aua-j·

1635 952 1764 1000 ναίων
1800 948 2025 1014 πολιτείᾳ,
2069 945 2380 1010 Καλλικράτην
2417 942 2512 991 τινὰ
2546 945 2718 1009 πρῶτον
2750 945 2837 991 τῶν
2872 944 2961 997 ,δι-ς

1636 1027 1807 1072 καστῶν
1826 1022 1922 1076 τοὺς
1953 1019 2127 1083 μισθοὺς
2151 1021 2210 1072 εἷς
2234 1017 2486 1083 ὓπερὸολὴν
2509 1016 2694 1076 αὐξῆσαι
2709 1035 2720 1046 ·
2745 1015 2839 1064 ὅθεν
2891 1016 2968 1082 11]ss
3007 1007 3010 1009 Δ

1636 1097 1713 1155 τὴν
1735 1095 1972 1161 παροιμίαν
1993 1096 2205 1159 εἰρῆσθαι.
2683 1135 2688 1139 .
2740 1136 2763 1141 ..
2797 1136 2814 1139 ⁷.
2931 1090 2969 1148 ζ’Ι

1702 1169 1880 1215 Eadem
1898 1169 2178 1229 Diogenian.
2194 1167 2339 1225 VIII,
2352 1165 2437 1222 62,
2460 1165 2674 1224 Apostol.
2688 1164 2836 1227 XIX,
2854 1160 2908 1211 Υ8
2940 1200 2946 1218 ι
2966 1155 2968 1171 ³

1636 1244 1872 1289 Plutarch.
1899 1244 2041 1288 Prov.
2073 1256 2190 1299 111,
2223 1241 2384 1283 Arsen.
2420 1235 2549 1294 458,
2579 1236 2768 1291 Sufflas,
2799 1237 2897 1285 Ph·
2938 1255 2946 1270 -=

1639 1317 1748 1361 t‘mS.
2107 1339 2113 1345 ·
2923 1336 2925 1339 .
2949 1306 2965 1343 ζ’

2221 1386 2223 1389 ’
2249 1392 2329 1436 70·

1705 1497 1940 1543 Plutarch.
1965 1495 2124 1542 Nicias
2148 1511 2190 1542 c.
2234 1509 2261 1539 2
2288 1507 2300 1540 τ
2325 1488 2530 1539 Ἔνεστιν
2558 1484 2632 1537 οὗν
2666 1489 2766 1556 περὶ
2789 1491 2876 1539 Νικ
2901 1517 2908 1529 ι
2956 1486 2959 1502 ”

1641 1571 1819 1632 πρῶτον
1858 1570 1993 1615 εἰπεῖν
2043 1567 2066 1614 ὃ
2110 1564 2324 1631 γέγραφεν
2366 1561 2689 1628 Ἀριστοτέλης,
2711 1589 2715 1592 ⁴
2734 1561 2801 1610 ὅτι
2833 1567 2947 1628 τρεῖς

1641 1639 1834 1703 ἐγένοντο
1857 1639 2072 1704 βέλτιστοι
2102 1641 2187 1686 τῶν
2220 1638 2410 1684 πολιτῶν
2431 1634 2508 1682 καὶ
2529 1632 2747 1699 πατρικὴν
2771 1633 2944 1699 ἔχοντες

1644 1711 1812 1760 εὔνοιαν
1836 1712 1912 1760 καὶ
1936 1711 2081 1778 φιλίαν
2101 1709 2208 1775 πρὸς
2232 1708 2306 1756 τὸν
2332 1709 2471 1770 δῆμον
2485 1743 2498 1765 ,
2518 1705 2676 1760 Νικίας
2698 1709 2722 1753 ὃ
2744 1705 2945 1771 Νικηρά-

1640 1803 1714 1832 του
1755 1782 1842 1844 ,καὶ
1876 1783 2146 1842 Θουκυδίδης
2197 1784 2220 1829 ὁ
2277 1778 2507 1838 Μελησίου
2546 1777 2622 1826 καὶ
2681 1777 2946 1844 Θηραμένης

1642 1859 1664 1903 ὃ
1687 1855 1912 1919 Ἅγνωνος.
1998 1869 2002 1874 ’

1740 1958 1746 1961 “
2234 1958 2293 2001 70
2314 1959 2365 1990 a.

1712 2041 1869 2087 Schol.
1889 2039 1967 2086 ad.
1992 2040 2189 2086 Lucian.
2214 2038 2337 2085 Tim.
2364 2052 2408 2084 c.
2437 2035 2499 2081 30
2527 2050 2539 2083 :
2566 2030 2765 2092 Ἔτι-ἔστη
2789 2028 2948 2080 Κλέων

1643 2110 1718 2158 καὶ
1737 2114 1792 2174 τῇ
1813 2109 1920 2176 πρὸς
1938 2107 2310 2170 Λακεδαιμονίους
2331 2106 2479 2171 εἰρήνῃ
2494 2143 2506 2163 ,
2531 2107 2592 2159 ὣς
2606 2103 2855 2170 Φιλόχορος
2870 2095 2950 2150 καὶ

1645 2182 1979 2249 Ἀριστοφάνης,
2013 2180 2212 2246 προσθεὶς
2255 2178 2447 2244 ἄρχοντα
2479 2175 2672 2226 Εὔθυνον
2705 2176 2818 2238 (Ol.
2847 2175 2944 2241 88,>

1649 2256 1728 2318 3).
1755 2254 2051 2319 Ἀριστοτέλης
2087 2252 2133 2300 δὲ
2170 2252 2245 2301 καὶ
2269 2249 2623 2316 περιζωσάμενον
2663 2247 2793 2296 αὐτὸν
2830 2244 2956 2310 λέγει]Υ

1647 2331 1981 2393 δημηγορῆσαι,
2007 2330 2066 2380 εἰς
2085 2325 2167 2384 τὴν
2193 2324 2445 2390 θρασύτητα
2470 2315 2601 2371 αὐτοῦ
2627 2321 2949 2377 ἀποσκώπτωη

1712 2402 1824 2462 Quae
1852 2402 2279 2449 Hemsterhusioset
2302 2399 2542 2445 Siebelisio
2572 2397 2646 2458 (v.
2675 2377 2953 2446 Philochort‘,

1646 2477 1704 2523 fr.
1747 2476 1860 2536 106)
1898 2477 1963 2520 ita
2001 2473 2353 2534 transponenda
2385 2471 2670 2516 videbantur
2708 2485 2719 2514 ι
2751 2469 2810 2521 ὥς
2839 2466 2951 2525 Φιλ.

1645 2547 1842 2612 προσθεὶς
1863 2545 1964 2612 ⁶597.-
1983 2547 2041 2595 E.
2061 2544 2136 2593 καὶ
2150 2545 2191 2592 Ἀ
2201 2541 2517 2610 ριστοτέλης.·Ἀ
2526 2539 2782 2607 ριστοφάνης
2791 2557 2835 2588 κ.
2848 2557 2890 2588 τ.
2903 2531 2962 2597 λζ

1644 2620 1776 2666 Istud
1799 2618 1998 2683 προσθεὶς
2029 2619 2091 2665 ad
2121 2619 2458 2677 Philochorum
2491 2617 2730 2677 pertinere
2755 2613 2960 2687 largior-³

1645 2694 1902 2738 Nominum
1943 2692 2353 2752 transpositionem
2379 2705 2440 2735 ne
2467 2698 2642 2735 certam
2659 2685 2848 2743 dicam,
2879 2699 2953 2732 se-

1649 2780 1797 2824 quens
1835 2765 1986 2809 obstat
2010 2769 2318 2824 fragmentum
2340 2763 2508 2822 parile.
2535 2761 2693 2807 Schol.
2727 2761 2846 2822 Luc.
2887 2757 2952 2804 ob

1650 2838 1812 2881 oculos
1824 2837 2044 2881 habuerit
2060 2843 2480 2880 commentatorem
2495 2825 2836 2893 Aristophanis.
2858 2831 2941 2876 Pr·

1648 2910 1867 2969 Euthyno
1906 2907 1975 2969 (v.
2004 2909 2208 2954 Clinton.
2233 2907 2295 2951 ad
2319 2906 2512 2962 01.ss8,
2551 2904 2608 2966 3)
2650 2902 2914 2966 exspectab

1649 2979 2051 3042 Stratoclem(101.
2079 2979 2166 3036 88,
2195 2984 2221 3033 4
2239 2974 2271 3042 ).

2895 3067 2947 3077 -ι

1656 3115 1793 3166 populi
1809 3114 2130 3155 benevolentiam
2146 3098 2386 3152 blandiendo
2407 3111 2684 3162 captantibus,
2698 3110 2746 3150 ut
2763 3109 2896 3150 Aristo
2925 3125 2931 3139 2

1654 3179 1713 3220 les
1728 3179 1768 3219 in
1783 3190 1903 3230 opere
1921 3178 1971 3218 de
1982 3178 2118 3219 Rebus
2130 3177 2314 3228 publicis.
2340 3208 2343 3210 »

2250 3259 2325 3300 69.

1711 3341 1944 3383 Aristoteles
1965 3340 2007 3380 iu
2040 3339 2184 3380 Athen.
2217 3340 2314 3389 Rep.
2346 3336 2445 3377 dicit
2474 3335 2729 3377 Callicratem
2755 3332 2903 3384 queud

1659 3406 1835 3458 primum
1866 3405 2053 3456 judicum
2084 3402 2310 3444 mercedem
2337 3400 2554 3441 immodice
2577 3399 2760 3449 auxisse,
2786 3397 2905 3449 indeq

1657 3473 1793 3512 ortum
1809 3470 2067 3523 proverbium
2093 3471 2220 3510 Ultra
2236 3478 2366 3520 quam
2394 3466 2665 3508 Callicrates.

2258 3552 2330 3594 70.

1712 3639 1770 3676 De
1799 3635 1910 3676 Nicia
1942 3632 2118 3685 primum
2149 3639 2466 3687 commemorare
2490 3627 2613 3677 licet,
2649 3625 2760 3678 quod
2798 3636 2842 3668 sc
2865 3626 2875 3636 “
2911 3637 2924 3662 :·

1660 3699 1920 3748 Aristoteles;
1941 3697 2135 3738 nimirum
2162 3697 2242 3736 tres
2269 3690 2335 3734 ait
2350 3692 2524 3743 optimos
2552 3691 2670 3731 fuisse
2686 3690 2795 3731 cives
2819 3690 2888 3742 pat
2919 3692 2929 3701 ¹

1660 3774 1795 3803 amore
1815 3764 1856 3802 et
1872 3763 1913 3801 in
1936 3760 2132 3813 populum
2154 3756 2434 3799 benevolentia
2457 3755 2651 3806 insigues,
2668 3753 2823 3796 Niciam
2839 3753 2927 3807 αἰχ

1663 3828 1761 3878 rati,
1783 3824 2061 3876 Thucydidem
2085 3821 2237 3864 Melesii
2264 3822 2305 3862 et
2324 3819 2612 3861 Theramenem
2625 3817 2798 3869 Agnonis
2813 3816 2869 3858 iili
2897 3815 2924 3874 ’κ

2228 3925 2232 3927 >
2256 3901 2312 3942 70
2334 3910 2381 3942 α.
2882 3894 2930 3938 1'·‘·'

1716 3987 1883 4028 Obstitit
1899 3986 2041 4036 Cleon,
2053 3995 2106 4024 ne
2123 3993 2203 4035 pax
2215 3993 2308 4022 cum
2329 3978 2640 4022 Lacedaemoniis
2655 3978 2789 4028 fieret,
2806 3978 2854 4018 ut
2877 4023 2880 4027 ,

1664 4054 1851 4094 iocliorus
1874 4051 1947 4093 ait.
1969 4050 2251 4100 Aristophanes
2277 4049 2318 4088 et
2334 4046 2608 4089 Philochorus
2629 4045 2779 4085 factum
2808 4042 2849 4083 id
2866 4031 2913 4065 f

1665 4117 1888 4157 memorant
1917 4115 1993 4155 sub
2012 4114 2203 4155 archonte
2221 4111 2422 4162 Euthyno.
2439 4109 2691 4170 ‘Aristoteles
2708 4107 2829 4149 etiam
2868 4123 2886 4137 ·v
2911 4108 2930 4161 j

1666 4181 1842 4220 cinctum
1860 4180 1898 4219 in
1915 4178 2108 4219 concione
2126 4175 2274 4216 dixisse
2292 4174 2370 4224 ait,
2391 4173 2660 4214 temeritatem
2674 4170 2760 4221 ejus
2773 4168 2860 4211 not*
2897 4231 2900 4238 Δ
2922 4170 2932 4196 -”
