3016 4628
264 330 353 369 zos
1256 314 1569 364 cLEAacm
1606 310 1902 362 soLENsis
2078 335 2087 339 -
2786 344 2795 366 ,
2845 296 2851 297 ’
2999 388 3001 395 y

260 426 513 489 μασώμενος
536 422 771 483 πονήσειεν,
796 425 843 472 οὗ
879 422 1052 471 πώποτε
1076 422 1119 471 δὲ
1148 421 1225 480 τὴν
1248 428 1373 487 χεῗρα
1398 440 1538 469 κατω·

260 502 368 563 τέρω
388 502 460 544 τοῦ
483 498 680 569 ὀμφαλοῦ
699 494 1050 559 προενέγκασθαι.
1399 513 1406 518 ·

865 617 934 664 14.

328 726 456 773 fldem
469 730 583 788 XII,
597 745 645 788 p.
660 728 771 788 548,
790 730 823 773 Β
838 745 848 772 :
862 724 971 790 Περὶ
989 723 1031 772 δὲ
1046 722 1304 786 Ἀναξάρχου
1322 721 1545 785 Κλέαρχος

261 802 284 846 ὁ
307 797 466 854 Σολεὺς
486 801 529 847 ἐν
549 798 737 864 πέμπτῳ
758 799 868 846 Βίων
889 797 998 845 οὕτω
1019 796 1192 860 γράφει·
1223 817 1242 835 «
1265 797 1364 842 Τῶν
1383 794 1542 841 Εὐδαι-

264 874 448 934 μονικῶν
471 873 745 934 καλουμένων
771 869 1042 934 Ἀναξάρχῳ,
1062 867 1131 914 διὰ
1155 866 1232 925 τὴν
1257 869 1340 913 τῶν
1359 884 1543 930 χορηγη-

262 941 428 989 σάντων
464 941 637 1005 ἄγνοιαν
673 940 982 1006 περιπεσούσης
1023 939 1063 985 ἐζ
1047 937 1240 1001 ςουσίας,
1279 935 1418 1001 γυμνὴ
1466 935 1543 998 μὲν

261 1014 440 1080 ᾠνοχόει
463 1013 669 1071 παιδίσκη
699 1012 935 1099 πρόσηὸος,
959 1015 986 1069 ἡ
1020 1014 1295 1096 προκριθεῖσα
1331 1007 1541 1072 διαφέρειν

256 1083 355 1149 ’ὥρα
387 1087 472 1132 τῶν
507 1084 664 1143 ἄλλων,
695 1083 965 1147 ἀνασύρουσα
988 1081 1093 1145 πρὸς
1119 1081 1318 1138 ἀλήθειαν
1352 1079 1430 1136 τὴν
1457 1098 1541 1125 των

264 1155 396 1210 οὕτως
416 1158 523 1221 αὐτῇ
545 1156 775 1220 χρωμένων
805 1151 1029 1219 ἀκρασίαν.
1060 1153 1117 1201 ‘O
1136 1151 1179 1199 δὲ
1201 1170 1434 1213 σιτοποιος,
1453 1169 1542 1214 χει-

267 1229 384 1292 ρῖδας
404 1227 513 1292 ἔχων
535 1247 608 1275 και
625 1227 721 1292 περὶ
740 1230 799 1292 τῷ
816 1224 998 1286 στόματι
1015 1225 1171 1286 κημὸν,
1186 1223 1327 1288 ἔτριὸε
1345 1223 1391 1269 τὸ
1409 1223 1541 1280 σταῖς,

262 1297 334 1346 ἵνα
355 1299 463 1361 μήτε
481 1298 604 1363 ἱδρὼς
622 1298 832 1364 ἐπιρρέοι,
854 1297 961 1360 μήτε
980 1299 1064 1350 τοῖς
1082 1295 1325 1362 φυράμασιν
1345 1298 1365 1341 ὃ
1385 1293 1541 1359 τρίὸων

264 1370 456 1432 ἐμπνέοι.
477 1393 496 1414 ι
1238 1410 1243 1414 .

330 1447 507 1489 Locum
549 1444 740 1490 Zenobii
789 1442 898 1504 (ΙΙΙ,
944 1441 1024 1504 41)
1072 1442 1156 1486 ubi
1211 1442 1455 1487 Clearchus
1499 1440 1541 1485 ἐν

264 1514 450 1579 πέμπτῳ
474 1516 688 1561 laudatur
721 1516 780 1560 de
817 1531 890 1571 re,
934 1530 1073 1574 quam
1114 1529 1170 1559 ex
1211 1515 1332 1559 libro
1373 1521 1540 1572 quarto

265 1584 508 1632 Athenaeus
530 1596 706 1644 narrat,
726 1588 833 1632 vide
856 1603 991 1646 supra
1018 1587 1075 1633 fr.
1104 1585 1148 1633 5.

619 1716 658 1762 E
693 1715 879 1763 LIBRO
915 1715 1187 1764 OCTAVO.

867 1836 942 1883 15.

329 1950 458 1995 Idem
476 1952 569 1995 XII
585 1967 667 2010 ,.p
698 1949 816 2006 548,
838 1951 909 1996 D:
930 1949 1062 2014 Ποσω
1082 1948 1163 2014 γὰρ
1183 1950 1338 1996 τούτων
1364 1947 1541 2012 βελτίων

265 2020 446 2085 Γοργίας
469 2024 491 2066 ὁ
511 2024 754 2079 Λεοντῖνος,
785 2019 881 2085 περὶ
902 2012 950 2066 οῧ
971 2038 1097 2084 φησιν
1123 2023 1145 2066 ὁ
1169 2021 1293 2074 αὐτὸς
1318 2019 1542 2085 Κλέαρχος

263 2095 308 2141 ἐν
327 2095 386 2139 τῶ
404 2091 537 2156 ὀγδόῳ
559 2095 643 2139 τῶν
662 2092 789 2150 Βίων,
814 2092 877 2138 ὅτι
898 2090 967 2139 διὰ
988 2091 1035 2138 τὸ
1059 2091 1281 2158 σωφρόνως
1297 2094 1370 2151 ζην
1389 2093 1540 2157 σχεδὸν

263 2163 520 2226 ὄγδοηκοντα
553 2162 626 2221 ἔτη
658 2183 719 2228 τῳ
754 2170 917 2228 φρονεῖν
953 2163 1200 2213 συνεδίωσε.
1234 2164 1322 2212 Και
1357 2165 1449 2211 ἐπεί
1480 2185 1542 2219 τις

265 2234 388 2282 αὐτὸν
414 2234 564 2297 ἤρετο,
588 2234 669 2282 τίνι
693 2235 831 2299 διαίτῃ
852 2234 1071 2301 χρώμενος
1089 2235 1221 2288 οὕτως
1246 2237 1444 2298 ἐμμελῶς
1467 2236 1541 2284 καὶ

266 2306 372 2367 μετὰ
388 2306 621 2364 αἰσθήσεως
634 2311 830 2354 τοσοῦτον
843 2306 993 2372 χρόνον
1009 2307 1331 2367 ζήσειεν,Ο·ὐδὲν
1346 2307 1539 2367 πώποτε,

263 2372 395 2437 εἶπεν,
418 2380 569 2436 ἡδονῆς
592 2377 731 2426 ἕνεκεν
752 2378 932 2444 πράξας.

262 2592 333 2621 ore
367 2582 512 2633 cepisse
528 2613 538 2633 ,
556 2594 605 2623 ne
629 2583 849 2623 mandendo
872 2584 1096 2634 fatigaretur
1119 2601 1128 2624 ι
1162 2584 1414 2635 eundemque
1433 2596 1538 2624 nun*

262 2655 381 2697 quam
397 2648 496 2687 inira
510 2648 737 2688 umbilicum
757 2650 965 2699 protulisse
978 2661 1154 2689 manum.

869 2760 938 2800 14.

315 2865 373 2904 De
388 2867 617 2906 Anaxarcho
635 2878 727 2907 vero
753 2869 965 2909 Clearchus
982 2870 1170 2920 Solensis,
1192 2871 1374 2910 vitarum
1394 2871 1538 2929 quinto

263 2926 380 2978 libro,
401 2928 454 2968 ita
469 2928 625 2970 scribit:
647 2933 926 2983 «,Anaxarcho
944 2944 994 2972 ex
1017 2945 1154 2973 eorum
1172 2945 1338 2974 numero
1361 2935 1538 2986 philoso-

265 2993 460 3043 phorum,
486 2996 552 3045 qui
586 2995 851 3038 Eudoemonici
877 3000 971 3038 sunt
1001 2999 1208 3050 appellati,
1232 3002 1446 3051 postquam
1469 3011 1540 3051 pei

266 3068 402 3096 eorum
417 3057 639 3108 stultitiam,
661 3059 729 3109 qui
745 3070 834 3098 eum
853 3071 921 3100 sua
937 3063 1224 3112 magnificentia
1248 3066 1538 3114 sustentarunt,

265 3130 359 3169 opes
369 3122 427 3159 est
439 3123 682 3171 consecutus,
701 3122 833 3162 vinum
851 3124 1035 3164 fundebat
1045 3126 1150 3165 nuda
1162 3127 1291 3176 puella
1307 3128 1540 3178 pubescens,

233 3211 236 3214 Α
266 3193 356 3232 quae
372 3183 495 3222 forma
518 3184 655 3223 ceteris
670 3188 852 3234 praestare
867 3187 1087 3239 videbatur,
1110 3190 1264 3231 nudans
1279 3191 1370 3240 illa
1398 3203 1541 3232 verum

266 3248 298 3286 ,si
313 3248 478 3298 quaeris,
493 3259 627 3288 eorum
643 3249 960 3291 incontinentiam
975 3253 1041 3302 qui
1060 3265 1104 3293 ea
1116 3255 1165 3294 ad
1182 3242 1258 3295 hoc
1275 3256 1541 3296 ministerium

267 3310 327 3349 usi
348 3314 453 3350 sunt.
476 3311 653 3360 Ejusdem
672 3313 791 3363 pistor
808 3315 1024 3356 manicatus
1036 3319 1075 3356 et
1092 3329 1159 3357 ore
1176 3319 1388 3369 capistrato
1405 3320 1541 3360 farinae

268 3384 434 3413 nussam
453 3374 669 3424 subigebat,
682 3387 730 3415 ne
748 3377 866 3417 sudor
883 3379 1032 3420 stillans
1048 3380 1250 3432 influeret,
1267 3394 1367 3423 neve
1385 3383 1542 3434 pinsens

268 3436 394 3476 halitu
414 3447 486 3477 suo
500 3437 650 3478 afflaret
666 3440 868 3480 farinam.

623 3559 661 3606 E
695 3561 880 3610 LIBRO
914 3563 1179 3614 OCTAVO.

864 3699 931 3739 15.

319 3798 476 3845 Quanto
506 3797 566 3837 liis
596 3797 733 3838 melior
766 3800 926 3851 Gorgias
960 3804 1195 3847 Leontinus!
1233 3808 1282 3848 de
1318 3820 1400 3860 quo
1436 3811 1541 3851 idem

266 3861 505 3912 Clearchus,
533 3863 675 3903 octavo
702 3863 801 3904 libro
827 3866 1004 3908 Vitarum
1020 3898 1031 3919 ,
1052 3870 1107 3910 ait
1133 3886 1143 3911 ι
1165 3887 1185 3906 «
1207 3874 1311 3920 Quia
1337 3875 1543 3917 moder-ate

268 3924 391 3975 vixit,
411 3925 493 3965 sere
516 3925 717 3977 octoginta
738 3938 861 3968 annos
882 3929 921 3968 in
938 3932 1156 3980 prudentiae
1179 3938 1365 3978 convictu
1382 3941 1540 3980 transe-

268 3991 349 4041 git3
370 4000 417 4030 ac
441 3990 474 4030 si
500 3990 662 4041 quando
684 4002 732 4032 ex
763 4004 811 4033 eo
833 3998 1025 4044 quaereret
1041 3998 1255 4051 quispiam,
1285 4013 1364 4052 qua
1382 4003 1543 4044 vivendi

270 4056 420 4096 ratione
441 4066 557 4107 usus,
575 4055 629 4097 ita
651 4058 859 4098 commode
875 4062 915 4099 et
932 4060 1089 4112 integris
1114 4065 1296 4105 omnibus
1313 4068 1489 4108 sensibus
1504 4069 1544 4109 in

270 4122 352 4159 tam
369 4122 553 4171 proveeta
575 4122 692 4162 aetate
710 4122 832 4162 vitam
851 4125 1101 4175 transigeret?
1122 4129 1352 4179 respondere
1364 4132 1514 4174 solebat
1533 4149 1543 4173 ι

272 4183 374 4223 Nihil
394 4194 567 4234 uuquam
590 4184 801 4234 voluptatis
823 4196 941 4226 causa
958 4188 1115 4229 faciens.
1141 4205 1161 4225 ιι

1959 452 1997 499 Ε
2036 448 2239 498 LIBRIS
2263 445 2576 497 INCERTIS.

2228 537 2303 611 16.

1683 678 1928 721 Athenaeus
1949 676 2060 721 VIII
2076 708 2088 730 ,
2113 689 2166 733 p.
2197 673 2286 725 344
2307 706 2321 733 ,
2347 673 2419 718 C:
2449 670 2677 736 Κλέαρχος
2699 669 2746 719 δὲ
2769 673 2815 720 ἐν
2991 691 2996 712 ο

1620 745 1729 810 Περὶ
1767 744 1870 809 βίων
1902 741 2098 809 φίλιχθύν
2141 760 2236 788 τινα
2279 741 2553 806 ἀναγράφων,
2587 743 2716 809 φησὶν
2757 739 2951 809 osstmg'}

1620 816 1839 881 «Τέχνων
1864 819 1886 862 ὃ
1917 814 2103 867 παλαιὸς
2139 812 2354 876 αὐλητὴς,
2382 813 2566 879 Χάρμου
2606 834 2683 863 του
2725 801 2953 882 οιῦληιιοῧῤἒ

1617 888 1968 945 τελευτήσαντος,
2000 880 2123 949 (ἠν
2100 885 2143 932 οὲ
2176 884 2404 950 φίλιχθυς,)
2429 886 2700 953 ἀποπυρίδας
2735 886 2808 936 ἐπὶ
2842 871 2952 957 τώζε

1618 959 1839 1023 μνήματος
1859 958 2047 1021 ἐνήγιζεν
2073 959 2204 1006 αὐτῶ.
2892 960 2952 1013 ς’,

1683 1034 1814 1078 Idem
1832 1035 1872 1094 Ι,
1890 1049 1941 1092 p.
1965 1037 2008 1089 4,
2022 1035 2098 1078 A:
2123 1007 2349 1096 Κλέαρχός
2366 1049 2470 1096 φησι
2485 1030 2670 1096 Χαρμον
2684 1030 2757 1080 τὸν
2771 1017 2950 1105 Eupo?

1618 1103 1759 1151 κόσιον
1780 1102 2052 1168 ευτρεπίσθαι
2081 1102 2270 1166 στιχίδια
2298 1102 2373 1150 καὶ
2395 1103 2633 1168 παροιμίας
2658 1105 2729 1160 εἷς
2735 1099 2922 1160 ἕκαστον,
2942 1131 2943 1134 “

1617 1196 1701 1223 των
1745 1179 1788 1223 ἐν
1830 1177 1917 1229 τοῖς
1954 1175 2139 1229 δείπνοις
2176 1175 2549 1241 παρατιθεμένων.
2603 1178 2680 1232 Εἷς
2723 1175 2800 1240 μὲν
2844 1170 2954 1226 τὸν

1618 1247 1756 1313 ἰχθυν,
2563 1267 2566 1269 ·
2920 1262 2923 1266 ’

1768 1349 1882 1388 ‘'on)
1899 1349 2020 1387 λιπὼν
2035 1350 2189 1398 Αἰγαῖον
2207 1349 2373 1400 ἁλμυρὸν
2391 1349 2506 1399 βάθος
2518 1361 2528 1370 ·
2557 1325 2563 1331 1

1617 1436 1675 1488 εἷς
1700 1433 1743 1481 δὲ
1768 1432 1864 1488 τοὺς
1893 1433 2108 1499 κήρυκας,
2551 1423 2555 1427 ’

1769 1534 1946 1585 Χαίρετε,
1970 1535 2129 1585 κήρυκες
2141 1563 2152 1583 ,
2174 1535 2263 1581 Διὸς
2282 1534 2438 1586 ἄγγελοι
2454 1547 2467 1558 ·

1617 1625 1675 1677 εἷς
1698 1622 1742 1669 δὲ
1766 1622 1843 1680 τὴν
1870 1622 2048 1687 χορδὴν,

1770 1723 1950 1772 Ἐλικτὰ,
1966 1724 2100 1764 κούδὲν
2122 1726 2224 1775 ὑγιές
2237 1735 2247 1745 ·

1619 1813 1676 1864 εἷς
1700 1810 1744 1858 δὲ
1765 1809 1842 1868 τὴν
1866 1810 2190 1874 ὠνθυλευμένην
2210 1811 2381 1859 τευθίδα
2395 1849 2408 1871 ,

1771 1913 1874 1962 Σοφή
1887 1942 1899 1962 ,
1913 1913 2012 1964 σοφή
2029 1912 2078 1952 σύ
2089 1923 2098 1932 ·

1619 2002 1677 2055 εἰς
1698 2000 1741 2047 δὲ
1765 1999 1814 2047 τὸ
1837 2002 1879 2047 ἐν
1904 2001 1992 2054 τοῖς
2011 2002 2185 2065 ἑψητοῖς
2205 2002 2383 2065 ὡραῖον,

1774 2099 1859 2138 Οὐκ
1882 2099 1950 2138 ἀπ’
1966 2099 2060 2150 ἐμοῦ
2077 2099 2280 2145 σκεδάσεις
2297 2099 2437 2150 ὄχλον;

1620 2187 1677 2239 εἷς
1701 2183 1745 2232 δὲ
1769 2184 1847 2243 τὴν
1874 2184 2226 2251 ἀποδεδαρμένην
2248 2183 2448 2250 ἔγχελυν,

1777 2286 1835 2325 Οὐ
1854 2285 2205 2338 προκαλυπτομένα
2225 2285 2514 2337 βοστρυχώδεα.

1620 2372 1850 2426 Τοιούτους
1866 2373 2050 2427 πολλούς
2065 2391 2170 2438 φησι
2189 2375 2252 2438 τῷ
2273 2371 2523 2437 Λαρηνσίου
2540 2378 2743 2438 παρεῖναι
2763 2370 2843 2421 δεί
2948 2383 2955 2430 2

1617 2446 1766 2511 ὥσπερ
1792 2445 2015 2509 συμὸολὰς
2040 2445 2295 2509 κομίζοντας
2320 2444 2376 2492 τὰ
2399 2444 2487 2493 ἀπὸ
2508 2447 2594 2493 τῶν
2617 2462 2842 2510 στρωματ
2858 2456 2869 2484 ³
2890 2449 2925 2505 ’ἦ

1961 2602 2000 2648 Ε
2035 2599 2240 2649 Llssms
2277 2582 2586 2649 [Ncssssrls.

2219 2713 2289 2753 16.

1665 2791 1884 2835 Clearchus
1906 2795 1948 2834 in
1960 2794 2146 2835 Vitarum
2161 2794 2274 2835 libris
2286 2825 2298 2845 ‚
2315 2795 2483 2846 piscium
2499 2794 2708 2834 lurconem
2722 2781 2921 2850 quenfflm

1613 2868 1853 2918 memorans,
1863 2860 1919 2899 ita
1934 2859 2070 2900 scribit
2086 2875 2096 2900 ι
2120 2872 2140 2895 α
2159 2860 2352 2922 ΤεσΙιιιοιι
2364 2860 2462 2899 olim
2475 2859 2639 2910 tibicen,
2655 2869 2821 2910 quume
2837 2857 2922 2900 vita

1613 2920 1842 2963 excessisset
1868 2924 2070 2964 Charmon
2101 2922 2270 2973 tibicen,
2301 2923 2371 2975 qui
2400 2925 2586 2964 strenuus
2605 2922 2736 2963 fuerat
2761 2921 2918 2964 obsonii

1613 2990 1789 3038 vorator,
1811 2989 2037 3040 apopyride,
2055 2989 2098 3040 (i.
2115 3000 2152 3030 e.
2168 2989 2338 3040 piscium
2355 2988 2550 3040 sartagine
2568 2987 2746 3039 fervida)
2763 2987 2921 3028 tumulo

1613 3055 1762 3106 ingesta
1776 3055 2000 3106 parentavit
2018 3056 2205 3098 mortuo.

1665 3121 1883 3160 Clearchus
1898 3120 2033 3169 refert,
2051 3120 2273 3160 Charmum
2293 3118 2548 3170 Syracusium
2571 3110 2779 3168 quibusvis
2790 3107 2915 3158 termi-

1614 3183 1692 3223 lis'
1679 3195 1722 3223 ιιι
1744 3195 1857 3223 coena
1881 3180 2070 3234 appositis
2099 3183 2320 3223 versiculos
2347 3181 2544 3233 quosdam
2564 3182 2605 3222 et
2626 3179 2764 3232 adagia
2787 3170 2921 3245 leffe

1614 3244 1950 3286 accommodasse.
1969 3245 2103 3285 Veluti
2124 3244 2321 3296 piscibus.

1704 3327 1844 3364 Adsum
1861 3328 1993 3364 relicto
2004 3331 2127 3373 AEgaeo
2141 3329 2235 3364 salso
2245 3328 2391 3374 pelago.

1615 3404 1797 3445 Buccinis
1819 3404 1980 3445 conchis
2005 3415 2105 3455 quas
2122 3403 2355 3455 aripennem.
2372 3414 2409 3444 e.
2429 3402 2654 3455 praecones)
2679 3398 2814 3445 Graeci
2824 3409 2884 3457 {o

1615 3471 1737 3510 cant.
1804 3468 1808 3472 ’

1705 3547 1848 3583 salvete
1857 3571 1868 3590 ‚
1888 3531 2082 3592 praecones
2093 3567 2105 3590 ‚-
2119 3545 2226 3582 Jovis
2240 3544 2388 3581 nuntii
2379 3570 2388 3579 .

1617 3615 1821 3657 Flexuosis
1835 3626 2029 3667 agnorum
2045 3616 2116 3655 aut
2131 3614 2342 3656 haedorum
2361 3613 2532 3655 lactibus
2552 3629 2564 3653 ι
2591 3651 2593 3653 .

1705 3693 1886 3729 Tortuosa
1899 3691 2052 3736 sanique
2067 3690 2183 3727 nihil!

2772 3504 2864 3528 ,4

1619 3771 1783 3823 Loligini
1794 3771 1993 3822 exquisita
2007 3764 2093 3810 arte
2107 3769 2256 3821 paratae
2275 3785 2284 3808 ε

1708 3854 1859 3900 Sapiens
1879 3854 1922 3890 tu
1937 3852 2087 3899 quidem
2101 3878 2111 3896 ,
2132 3851 2276 3897 sapiens
2289 3851 2349 3886 es!

1623 3931 1875 3973 salsamento
1895 3940 1947 3971 ex
1967 3928 2131 3970 minutis
2146 3926 2345 3979 pisciculis
2366 3941 2375 3966 :

1709 4015 1844 4051 Nonne
1855 4021 1876 4049 a
1891 4021 1951 4049 me
1969 4012 2118 4058 turbam
2132 4010 2335 4069 dispellesr

1622 4089 1815 4141 Anguillae
1834 4089 2050 4129 excoriatae
2073 4102 2083 4126 ι

1711 4174 1796 4209 Non
1812 4171 1932 4208 velata
1951 4173 2096 4208 teneras
2112 4169 2466 4206 cincinnis-ornatas
2480 4173 2608 4212 genas·
2845 4214 2847 4219 1

1622 4242 1738 4283 Tales
1759 4241 1928 4291 multos,
1946 4241 2017 4291 ait,
2034 4221 2257 4281 interfuisse
2275 4236 2451 4280 Larensii
2476 4230 2722 4285 coenosum
2737 4242 2762 4273 e
2808 4274 2872 4304 ⁴.
