3016 4628
256 267 348 306 462

247 441 506 483 Hellenism.
539 441 608 495 ΙΙ,
631 455 681 499 Ρ.
709 456 725 484 1
741 446 817 494 il..

683 534 1101 583 ΗΠΕΙΡΩΤΙΚΑ.

873 645 913 673 Ι.

310 713 578 774 Apostolius
607 717 747 761 Ptov.
785 717 875 770 XI,
913 714 972 772 76
997 725 1044 759 et
1080 715 1242 760 Suidas
1271 731 1314 759 V.
1361 712 1540 777 Λαρινοὶ

247 782 358 847 βόες.
384 786 501 832 Vide
521 788 636 846 Lyci
651 787 1029 847 Rheginifragm.
1062 802 1105 833 2.
1132 802 1240 847 pag.
1266 786 1373 843 3705
1397 787 1540 846 Apol-

243 851 400 899 lodor.
423 852 482 897 fr.
514 851 609 897 230
633 853 818 897 Miiller.
838 854 952 898 Dor.
979 854 1019 908 Ι,
1050 856 1159 905 424.

869 945 915 976 2.

309 1008 463 1053 Schol.
483 1009 610 1068 vulg.
634 1010 773 1052 Hom.
796 1007 958 1066 odyss.
986 1003 1021 1063 ξ,
1051 1006 1141 1063 327
1169 1021 1179 1052 :
1205 1002 1379 1066 Ποιμὴν
1399 1004 1539 1066 νέμων

239 1077 443 1144 πρόὸατα
470 1080 511 1125 ἐν
535 1082 620 1132 τοῖς
638 1082 713 1136 τῆς
731 1076 941 1135 Δωδώνης
962 1076 1075 1124 ἕλεσι
1092 1082 1166 1124 τοῦ
1186 1077 1318 1129 πέλας
1336 1076 1540 1142 ὑφείλατο

248 1150 377 1212 νομὴν
407 1151 610 1213 (ποίμνην
637 1168 726 1198 em.
749 1150 909 1213 Barn.)
927 1148 1181 1212 καλλίστην,
1206 1149 1279 1196 καὶ
1311 1148 1451 1214 εἵρξας
1485 1153 1542 1205 εἷς

244 1223 320 1280 τὴν
357 1222 564 1289 σφετέραν
607 1221 740 1279 αὐλὴν
771 1220 1029 1286 ἐφύλασσεν.
1056 1218 1190 1268 ”Οθεν
1211 1220 1283 1267 τὸν
1321 1221 1532 1281 δεσπότην

242 1294 348 1361 φασὶ
366 1296 505 1352 ζητεῖν
525 1294 644 1359 παρὰ
659 1300 744 1347 τοῖς
759 1291 933 1353 ποιμέσι
955 1290 1010 1338 τὰ
1031 1292 1303 1355 κεκλεμμένα
1322 1292 1539 1357 πρόὸατα,

245 1366 305 1428 μὴ
341 1367 515 1432 εὑρόντα
554 1365 598 1414 δὲ
634 1369 809 1431 ἐρωτᾶν·
838 1363 908 1410 τὸν
941 1362 1032 1410 θεὸν
1073 1362 1135 1417 τίς
1174 1365 1289 1410 ἐστιν
1315 1367 1336 1410 ὃ
1361 1363 1537 1429 κλέψας.

243 1439 357 1487 Τότε
383 1442 565 1504 πρῶτον,
599 1438 725 1503 φασὶ,
749 1436 826 1495 τὴν
855 1437 955 1501 δρῦν
980 1435 1123 1501 φωνὴν
1151 1437 1342 1501 ἀφεῖναι,
1367 1435 1432 1483 δ’τι
1455 1439 1540 1483 τῶν

243 1511 584 1559 ἀκολουθούντων
624 1514 646 1557 ὃ
681 1510 905 1563 νεώτατος.
924 1507 1219 1564 Ἐξετάσαντα
1247 1509 1291 1556 δὲ
1325 1507 1373 1556 τὸ
1393 1508 1534 1574 λόγιον

239 1586 382 1648 εὑρεῖν
406 1583 525 1647 παρὰ
545 1587 605 1630 τῶ
630 1582 797 1645 ποιμένι
821 1581 972 1629 νεωστὶ
994 1581 1300 1657 βοσκησαντι
1282 1602 1324 1629 εν
1357 1585 1419 1628 τῶ
1448 1601 1538 1646 χω-

238 1655 337 1721 ρίῳ·
359 1657 582 1704 ἀκόλουθοι
603 1657 646 1703 δὲ
663 1627 857 1719 λέγονται
874 1675 911 1701 οι
932 1655 1149 1716 ποίμενες.
1173 1658 1242 1703 Η
1241 1676 1256 1701 ν
1275 1653 1319 1701 δὲ
1340 1654 1388 1702 τὸ
1405 1653 1541 1716 ὄνομα

245 1728 481 1793 Μαρδύλας
504 1731 709 1792 (Mediol.
731 1726 975 1790 Μανδύλας)
1007 1730 1029 1773 ὃ
1059 1726 1239 1793 κλέψας.
1267 1730 1431 1775 Τουτον
1470 1701 1540 1774 λέ-

240 1820 363 1864 γεται
389 1800 749 1866 προσοργισθέντα
781 1804 833 1863 τῇ
860 1796 954 1864 δρυ”ι
987 1800 1165 1857 θελῆσαι
1191 1799 1326 1858 αὐτὴν
1358 1800 1541 1865 ἐκκόψαι

239 1872 425 1938 νύκτωρ·
467 1874 673 1921 πελειάδα
714 1872 757 1919 δὲ
798 1874 844 1919 ἐκ
882 1876 955 1918 τοῦ
996 1870 1225 1935 στελέχους
1255 1872 1540 1939 ἀνακύψασαν

242 1947 438 2002 ἐπιτάξαι
474 1946 534 2009 μὴ
569 1951 695 1994 τοῦτο
723 1947 842 2010 δρᾶν·
871 1945 941 1992 τὸν
963 1943 1007 1991 δὲ
1034 1945 1352 2008 δειματωθέντα
1385 1946 1542 2009 μηκέτι

240 2022 363 2066 τοῦτο
382 2021 610 2080 τολμῆσαι,
637 2017 696 2081 μὴ
718 2023 824 2107 θιγε
811 2037 846 2065 ιν
868 2037 941 2065 του
961 2019 1074 2082 ιεροῧ
1092 2018 1240 2066 τούτου
1259 2018 1540 2084 δένδρου.ου

242 2090 327 2152 μὴν
372 2091 485 2138 ἄλλα
528 2111 602 2139 και
641 2091 710 2138 δια
741 2110 787 2138 το
825 2090 1033 2153 “mxv-'lim
1080 2090 1262 2152 μηνίσω
1299 2094 1420 2158 αῧτῳ
1450 2086 1550 2143 τους
1617 2109 1828 2154 daemone
1849 2125 1941 2170 pro
1960 2109 2105 2153 heroe
2129 2110 2292 2155 ι·.ι11ῐιιε
2313 2109 2596 2156 Fortassede
2612 2110 2706 2155 hoc
2724 2110 2795 2154 10

240 2161 533 2229 Ἠπειρώτας·
560 2162 652 2210 ὅθεν
677 2162 752 2210 καὶ
782 2163 995 2216 λαὸόντας
1019 2162 1141 2220 δίκην
1166 2163 1329 2222 ταύτην
1364 2164 1542 2230 εἰσπρά-

240 2234 387 2289 ξασθαι
427 2256 503 2294 της
540 2236 615 2282 ἀπ’
637 2238 765 2286 αὐτου
790 2240 1005 2299 ὑπομενης
1025 2237 1248 2326 (ἐπιμονης
1270 2255 1355 2286 ms.
1373 2240 1533 2284 Barn:
1520 2275 1534 2299 ,
1616 2255 1905 2299 mentionem
1927 2254 2053 2301 fecit

239 2327 315 2365 της
333 2310 460 2355 αὐτοῦ
474 2309 838 2371 υπομονηςνιιίς
860 2311 936 2359 ed.
962 2310 1071 2373 ant.)
1086 2309 1159 2357 τὸν
1178 2309 1330 2374 μάντιν
1343 2309 1541 2375 προάγει.

236 2379 331 2428 ‘H‘
320 2380 483 2445 ιστορία
507 2380 627 2446 παρα
652 2384 715 2427 τῶ
748 2380 962 2447 Προξένῳ.

306 2451 366 2515 μὴ
391 2454 581 2516 θιγεῖν...

239 2536 430 2572 recentt.
455 2537 609 2572 autem
634 2529 777 2572 verba
811 2531 908 2574 haee
943 2532 1034 2590 ita,
1064 2528 1273 2592 λέγουσαν
1312 2527 1374 2589 μὴ
1401 2529 1538 2592 θιγεῖν

240 2599 336 2647 κτλ.
364 2599 636 2658 rejiciuntur
656 2611 762 2660 post
781 2603 859 2647 illa
893 2600 953 2662 μὴ
978 2621 1104 2649 τουτο
1128 2604 1254 2665 δρᾶν,
1292 2604 1398 2648 satis
1424 2619 1543 2663 pro-

239 2672 471 2719 babiliter.
503 2675 782 2723 BUTTMANN.
810 2676 994 2721 Nomen
1015 2677 1215 2736 pastoris
1237 2675 1376 2722 fuisse
1395 2679 1542 2736 suspi

242 2758 325 2787 cor
349 2741 626 2805 Μανδρεύλας
654 2747 741 2807 (de
769 2745 1019 2811 μανδρεύω,
1043 2751 1156 2794 ovili
1174 2749 1366 2793 includo
1385 2747 1418 2811 ).
1446 2751 1543 2794 Po-

241 2825 411 2861 strema
427 2818 653 2865 laborant.

866 2899 909 2948 3.

309 2973 462 3017 Schol.
481 2976 618 3022 Hom.
638 2977 799 3037 Odys&
822 2996 865 3036 α,
885 2978 978 3039 259
999 2982 1104 3043 παρ’
1122 2977 1263 3042 Ἴλου]
1279 2972 1406 3032 Τινὲς
1420 2976 1542 3041 Ἴρου

524 3114 605 3161 DE
639 3116 837 3166 REBUS
874 3120 1237 3170 EPlROTlClS.

866 3230 907 3269 2.

298 3320 435 3359 Pastor
453 3331 547 3361 oves
565 3321 604 3361 in
620 3324 798 3365 Dodonae
816 3330 964 3379 campis
987 3330 1228 3380 palustribus
1255 3340 1442 3380 pascens,
1476 3328 1536 3367 vi-

247 3383 326 3423 cini
345 3395 501 3434 gregem
521 3387 823 3436 pulcherrimam
845 3392 995 3432 furatus
1015 3396 1075 3433 est
1093 3406 1262 3446 eamque
1288 3395 1329 3433 in
1345 3405 1459 3433 suam
1478 3394 1538 3432 in·

247 3447 413 3489 cludens
426 3449 557 3488 aulam
584 3452 810 3493 custodivit.
828 3456 955 3495 Herus
971 3457 1102 3508 igitur,
1129 3458 1264 3508 ajunt,
1293 3469 1418 3508 quum
1445 3469 1540 3498 oves

249 3512 355 3551 mtto
377 3513 569 3554 abductas
588 3516 692 3566 apud
713 3520 885 3567 pastores
900 3522 1146 3570 quaesivisset
1161 3533 1291 3573 neque
1306 3534 1401 3563 vero
1427 3523 1539 3562 inve-

248 3575 393 3625 nisset,
413 3576 534 3616 deum
554 3578 603 3617 de
632 3580 716 3620 fure
735 3581 999 3633 interrogavit.
1019 3589 1122 3626 Tum
1141 3587 1316 3637 primum
1347 3598 1540 3638 quercum

247 3639 388 3680 dicunt
404 3651 541 3680 vocem
561 3642 733 3683 emisisse
749 3644 1016 3698 indicasseque
1042 3650 1317 3692 comitantium
1343 3652 1441 3691 natu
1464 3651 1540 3691 mi-

248 3703 418 3744 nimum.
435 3705 555 3745 lllum
574 3717 669 3746 vero
696 3709 846 3748 oraculi
877 3712 1190 3761 experimentum
1212 3716 1421 3756 facientem
1446 3726 1541 3756 oves

247 3776 340 3806 suas
355 3767 542 3818 reperisse
567 3769 672 3819 apud
692 3773 912 3821 pastorem,
930 3774 997 3823 qui
1020 3777 1285 3818 recentissime
1311 3780 1353 3818 in
1379 3778 1541 3827 regione

249 3830 324 3870 liac
362 3833 586 3882 pascuerat.
635 3833 831 3874 Nimirum
874 3839 1047 3886 pastores
1078 3842 1325 3890 appellantur
1354 3845 1539 3882 comites.

249 3896 401 3934 Nomen
418 3895 515 3936 {uris
533 3897 618 3937 erat
630 3897 838 3948 Mardylas.
855 3901 971 3939 Hunc
982 3906 1144 3943 narrant
1160 3907 1318 3955 propter
1334 3906 1541 3945 oraculum

249 3958 482 3999 irascentem
513 3959 694 4000 excidere
717 3972 910 4012 quercum
929 3964 1121 4015 voluisse;
1142 3977 1281 4008 verum
1316 3969 1541 4009 columbam

248 4023 467 4064 silvestrem
486 4035 508 4064 e
523 4025 665 4065 trunco
689 4027 915 4077 apparuisse
941 4028 1143 4077 iubentem
1167 4042 1217 4071 ne
1243 4033 1282 4071 id
1303 4034 1471 4083 faceret,
1491 4045 1542 4074 ne

248 4086 429 4127 arborem
439 4088 539 4128 lianc
551 4099 702 4129 sacram
716 4092 903 4140 tangeret.
915 4091 1068 4138 Quibus
1079 4095 1328 4143 perterritum
1342 4100 1540 4147 pastorem

250 4150 402 4192 facinus
412 4155 567 4203 patrare
593 4164 673 4194 non
686 4165 827 4195 ausum
850 4165 955 4205 esse,
982 4159 1257 4199 verumtamen
1286 4160 1348 4199 vel
1382 4163 1541 4211 propter

251 4224 444 4256 conamen
455 4217 631 4267 Epirotas
647 4219 681 4258 ei
698 4220 966 4260 succensuisse
979 4221 1097 4271 atque
1108 4231 1266 4272 poenam
1276 4224 1428 4264 scelesti
1445 4236 1536 4266 con·

1454 261 1617 311 raox
1626 263 1803 312 ENUS.
2930 247 2965 327 ᾖ,

240 367 498 411 admodum
533 367 840 425 probabiliter
876 371 1129 429 suspicatus
1162 379 1228 413 est
1259 371 1538 430 Droysenius
1616 370 1863 435 γράφουσι.

623 2453 814 2519 δένδρου]
847 2459 910 2502 sic
934 2460 990 2516 Q.
1028 2468 1073 2504 et
1095 2459 1223 2518 vulg.
1249 2458 1327 2504 ed.
1354 2467 1450 2505 ant.
1487 2460 1544 2503 In

2916 70 2962 95 ιζ’.

2894 98 2962 116 ·-.-1

2809 133 2817 143 -
2917 114 2963 158 (2:2²

2891 206 2895 211 .
2915 149 2964 219 ³34¹}

1877 371 2004 420 ,Καὶ
2028 371 2237 435 Πρόξενος
2260 374 2303 421 ἐν
2324 373 2650 440 Ἦπειρωτικοις
2665 368 2784 443 Ιρόν
2806 386 2910 450 φησι
2955 376 2965 419 :3

1619 444 1848 508 Μερμέρου
1872 446 2022 492 παῖδα.
2054 447 2123 493 Cf.
2158 449 2422 492 Eustathius
2449 463 2497 508 p.
2535 448 2676 506 1415,
2712 450 2773 497 50
2808 441 2962 515 sq1⁷

1624 517 1764 572 1416,
1789 533 1842 574 23
1866 517 2036 563 Strabo
2058 520 2192 575 VIII,
2216 518 2332 575 3383
2354 522 2540 565 Mulier.
2580 523 2705 568 Μιη.
2729 539 2778 584 p.
2802 539 2862 570 2
2909 539 2919 574 i

2247 612 2293 659 4.
2880 575 2922 658 si

1685 682 2898 760 8ῐεΡ11.ΒγΖ.εΧαονια,μεσητηςἫπείρου.Οἱοῖιι
2884 659 2961 747 ί
2960 710 2971 753 2'

1617 778 1736 824 τορες
1752 759 1937 814 Χάονες.
1961 759 2246 818 Ἑλλάνικοςε
2253 766 2421 829 [ερειῶν
2437 763 2582 832 Ἥρας
2601 766 2751 834 τρίτῳ·
2773 790 2795 811 α
2813 767 2901 823 Ἀ
2962 827 2967 831 ,

1624 834 1863 894 βρακιῶται
1883 831 1958 879 καὶ
1977 835 2016 881 οἷ
2035 834 2128 896 μετ’
2149 837 2290 884 αὐτῶν
2312 837 2475 914 Χάονες
2491 858 2566 886 και.
2581 839 2887 907 Ἠπειρῶται
2919 835 2966 890 ᾗ

1625 902 1753 951 Καὶ*
1736 924 1758 951 ο
1782 903 1992 970 Πρόξενος
2015 905 2061 953 δὲ
2094 907 2346 970 καταλέγων
2378 909 2534 964 αὐτούς
2550 927 2670 977 φησι·
2693 934 2713 955 α
2732 913 2831 962 Χάο
2964 925 2968 928 ’

1622 976 1905 1066 Θερπρωτοί,
1931 980 2180 1041 Τυμφαῖοι,
2201 981 2470 1048 Παραύαιοι,
2491 982 2748 1046 Ἀμύμονες,
2763 982 2902 1035 Ἄδα

1619 1067 1710 1107 τες,
1732 1049 1964 1097 Κασωποί.
1992 1073 2012 1094 ιι

1684 1237 1841 1285 Schol,
1866 1239 2026 1299 Apoll.
2061 1240 2153 1286 Rh.
2178 1242 2228 1297 Ι,
2255 1256 2354 1301 97:
2379 1237 2576 1287 Ἄλκωνα
2608 1239 2680 1287 τὸν
2707 1241 2901 1352 Φαλήωιί

1619 1307 1786 1372 πατέρα
1803 1308 2018 1374 Πρόξενος
2033 1329 2162 1376 φησιν
2174 1311 2266 1359 υἱὸν
2283 1311 2536 1377 Ἐρεχθέως.
2553 1315 2772 1376 Φυγεῑνδ’
2792 1313 2897 1363 αὔ

1617 1378 1780 1442 λέγει’
1757 1382 1843 1429 απὸ
1866 1386 1941 1439 τῆς
1971 1382 2165 1442 Ἀττικης
2197 1382 2308 1446 μετὰ
2327 1388 2404 1443 τῆς
2424 1385 2633 1451 θυγατρὸς
2667 1385 2838 1435 Χαλκ’

1619 1455 1677 1506 εἷς
1710 1453 1912 1500 Εὔὸοιαν·
1939 1454 2216 1511 ἐξαιτουντος-
2235 1455 2281 1503 δὲ
2309 1460 2383 1503 τοῦ
2418 1457 2581 1522 πατρὸς
2613 1459 2692 1505 οὖκ
2726 1459 2848 1506 {xa-'⁴

1617 1545 1713 1580 τους
1733 1527 1995 1583 Χαλκιδέας.

1683 1601 1775 1646 Pro
1797 1599 1948 1665 Ἐρεχ.
1986 1603 2094 1650 cod.
2117 1604 2259 1648 Paris.
2290 1601 2596 1667 Εὐρυσθένους.
2633 1607 2757 1651 Num
2794 1580 2926 1662 renas

1615 1672 1713 1718 haec
1738 1674 1798 1719 ad
1819 1676 2060 1735 Epirotica
2078 1677 2319 1721 retulerim
2341 1678 2516 1724 nescio.
2552 1678 2803 1735 Phalerus,
2836 1680 2921 1725 Al-

1619 1748 1748 1791 conis
1774 1753 1803 1792 f.
1824 1750 2130 1809 ‚Argonauta
2154 1757 2246 1804 est,
2273 1749 2355 1807 qui
2377 1764 2468 1793 sec.
2479 1749 2640 1810 Orpll.
2662 1752 2842 1811 Argon.
2869 1750 2929 1822 Ι,

1623 1825 1712 1874 144
1748 1821 2006 1880 Gyrtonem
2038 1822 2090 1864 in
2118 1821 2344 1866 Thessalia
2368 1821 2584 1866 condidit
2609 1821 2703 1882 (Cf.
2741 1818 2929 1885 Hygia„

1617 1891 1824 1951 fab.14;
1847 1894 2091 1938 Pausanias
2110 1895 2158 1950 Ι,
2189 1909 2232 1950 1,
2261 1890 2326 1955 4).
2352 1894 2589 1938 Thessaliae
2622 1909 2696 1939 res
2719 1903 2767 1939 et
2788 1894 2931 1958 Epa-1

1616 1965 1665 2007 in
1683 1966 1999 2024 antiquissima
2020 1965 2213 2010 h1st011a
2231 1966 2388 2010 multis
2406 1965 2559 2010 modis
2588 1965 2713 2010 inter
2731 1980 2778 2010 se
2804 1981 2881 2012 (τοι
2895 1976 2935 2053 l

1612 2035 1802 2095 junctae.
1825 2037 1957 2082 Alius
1976 2038 2127 2082 Alcon
2146 2046 2212 2082 est
2234 2039 2582 2098 Hippocoontis
2598 2036 2746 2094 filius,
2770 2039 2904 2149 Lae&
2852 2056 2939 2149 ἒ

1616 2182 1666 2224 in
1710 2182 2175 2226 Lacedaemoniorum
2218 2182 2508 2243 Republica,
2548 2182 2689 2229 etiam
2732 2130 2898 2231 alteri

2242 2364 2290 2411 6.

1681 2452 1877 2511 Dionys,
1919 2452 2068 2496 Halic.
2105 2454 2162 2497 A.
2195 2453 2254 2497 R.
2283 2449 2396 2496 Exc.
2433 2449 2640 2510 Ρ.β9,363
2663 2448 2740 2497 ed.
2767 2416 2915 2514 Γὼγ),-
2943 2482 2953 2501 ι.

1617 2525 1798 2584 Pyrrho
1820 2539 1945 2585 rege.
1970 2524 2088 2570 Vide
2109 2525 2277 2584 Pyrrhi
2319 2524 2378 2568 fr.
2409 2523 2454 2571 3.
2883 2518 2918 2530 ”
2951 2549 2956 2556 ι

1819 2642 1969 2690 ΠΕΡΙ
2006 2639 2317 2688 noreiam
2352 2637 2718 2687 ΣΙΚΕΔΙΚΩΝ.

2011 2758 2049 2802 E
2084 2757 2268 2803 LIBRO
2304 2733 2517 2804 ι’)ιιιΜο.

2226 2883 2296 2941 &7-

1684 2978 1902 3038 Stephan.
1926 2979 2072 3049 Byz..
2095 2972 2239 3032 Γέλα,
2256 2972 2379 3025 πόλις
2407 2970 2668 3025 Σικελίας..
2679 2970 2935 3019 ,καλεῖται’

2763 3066 2876 3083 -
2925 3063 2932 3075 ι’

1614 3118 1692 3157 silii
1725 3117 1776 3157 ab
1809 3127 1858 3156 eo
1892 3118 2028 3156 vatem
2056 3101 2244 3166 exegisse.
2281 3112 2462 3155 Habetur
2498 3110 2586 3151 haec
2613 3107 2777 3150 historia
2804 3104 2946 3211 αραςιὲ

1612 3186 1857 3224 Proxenum.

1850 3265 1873 3278 -
2227 3249 2269 3288 3.

1661 3330 1739 3367 Pro
1754 3326 1858 3367 Ἴλου
1874 3325 1978 3376 apud
1998 3327 2219 3366 Homerum
2234 3320 2416 3363 nonnulli
2431 3321 2536 3371 Ἴρου
2553 3317 2744 3359 scribunt
2759 3318 2908 3359 Prose-

1610 3403 1687 3432 nus
1705 3401 1865 3442 quoque
1886 3391 1928 3431 in
1949 3389 2157 3440 Epiroticis
2174 3390 2285 3428 Itum
2308 3385 2405 3426 dicit
2426 3382 2611 3426 Mermeri
2629 3381 2772 3423 filium.
2836 3382 2859 3435 Ἰἑ
2879 3435 2882 3438 Δ

2236 3457 2282 3497 4.

1665 3533 1871 3570 Proxenus
1891 3528 2074 3568 Chaones
2090 3527 2194 3578 inter
2215 3523 2323 3576 Epiri
2338 3521 2508 3574 populos
2533 3518 2732 3568 recenset,
2746 3479 2918 3574 dicen&

1616 3596 1866 3645 «Chaones,
1890 3593 2120 3645 Thesproti,
2151 3589 2383 3643 Tymphaei,
2407 3585 2612 3635 Parauoei,
2643 3587 2857 3638 Amymo

1614 3660 1786 3701 Abantes
1799 3689 1811 3711 ,
1834 3657 2034 3709 Casopi.›
2229 3723 2274 3763 5
2847 3700 2924 3774 ἶ

1665 3794 1871 3844 Alconem,
1887 3791 2042 3833 Phaleri
2050 3790 2219 3842 patrem,
2231 3790 2438 3828 Proxenus
2452 3782 2548 3824 dicit
2558 3780 2802 3824 Erechthei?

1613 3869 1787 3909 eumque
1801 3869 1854 3898 ex
1871 3857 2005 3897 Attica
2022 3865 2115 3894 cum
2141 3851 2354 3902 Chalciope
2369 3849 2449 3889 iilia
2465 3847 2508 3888 in
2522 3845 2719 3887 Euboeam
2741 3842 2903 3902 ΝΜ

1613 3934 1660 3963 ac
1674 3922 1787 3974 patre
1803 3921 2007 3972 repetente
2023 3928 2115 3959 eum
2131 3927 2214 3957 non
2226 3912 2439 3957 tradidisse
2455 3909 2742 3953 Chalcidenses.
2857 3915 2867 3934 >

1943 4020 2026 4070 DE
2061 4017 2290 4068 FRETIS
2325 4012 2575 4066 leULts.

2232 4144 2258 4184 7
2265 4172 2276 4183 .

1664 4225 1784 4275 Gela,
1800 4223 1897 4264 urbs
1925 4221 2068 4265 Siciliae
2091 4219 2311 4262 secundum
2335 4219 2561 4258 Proxenum
2585 4211 2688 4253 libro
2709 4210 2834 4263 prino
2861 4213 2883 4280 ’,Ἴ
