3008 4542
144 298 200 325 ω’
753 294 798 340 6.

30 412 32 419 ’
189 400 346 449 Schol.
370 399 506 445 Pind.
532 400 608 446 Ol.
630 402 709 457 VI,
730 401 789 452 46
812 417 822 444 ε
846 398 900 448 Ἥ
926 399 971 447 δὲ
997 403 1228 462 Λακωνικὴ
1251 406 1419 466 Πιτάνη

103 475 129 539 ᾗ
143 484 147 538 J
165 460 308 536 ὖρώτα
323 473 398 517 τοῦ
418 473 614 533 ποταμοῦ
639 471 959 534 γενεαλογεῖται
976 465 1087 520 εἶναι
1101 512 1113 533 ,
1131 478 1187 529 ὡς
1210 478 1423 534 Σωσίὸιος

154 543 264 603 cod.
299 543 553 606 Σωσινγιος.
591 559 772 590 cortex.
807 545 1054 607 Gerhard.)
1090 551 1181 609 Ap.
1226 553 1422 612 Hesych.

167 650 189 675 ἱ,
219 631 272 677 p.
310 611 414 687 966
446 625 735 660 memoratur
773 613 888 677 ἀγὼν
930 616 1134 679 γυμνικὸς
1172 620 1214 664 ἐν
1257 620 1422 686 Πιτάνῃ

108 685 348 751 γόμενος.

190 876 260 924 Id.
278 876 396 921 ibid.
421 877 497 923 Ol.
519 877 634 934 VII,
655 877 716 922 66
739 893 750 922 ε
776 866 989 931 Σωσίὸιος
1006 876 1178 942 Ἐρμῆν
1204 899 1307 946 φησι
1333 883 1423 946 (sc.

86 946 284 1013 ’ἐάπλῆξαι
299 951 374 995 τοῦ
397 946 496 1011 Διὸς
515 945 595 1005 τὴν
615 947 824 1013 κεφαλὴν,
841 946 910 996 ὅτε
929 948 1008 1007 τὴν
1027 949 1204 1009 Ἀθηνᾶν
1234 951 1422 1016 ἐγέννα).

96 1042 97 1046 ’
123 1021 196 1072 Cf.
224 1022 464 1069 Aristoclis
484 1021 542 1066 fr.
567 1026 613 1076 l..

757 1103 804 1147 8.

70 1247 91 1257 „
179 1210 268 1255 ld.
295 1210 432 1270 Pyth.
456 1211 532 1270 ΙΙ,
559 1225 646 1267 127
678 1227 689 1254 ε
719 1209 934 1264 Σωσίὸιος
953 1208 996 1257 δὲ
1020 1210 1179 1276 (φησὶ)
1206 1211 1261 1258 τὰ
1286 1215 1418 1278 ὑπορ-

78 1274 305 1352 :xliv-“W
343 1279 454 1344 μέλη
490 1280 632 1327 πάντα
660 1281 862 1347 Κρητικὰ
885 1281 1101 1345 λέγεσθαι.
1142 1285 1212 1331 Cf.
1235 1288 1420 1332 Mijller.

110 1357 238 1411 Dor.
264 1355 312 1412 Ι,
337 1371 389 1415 p.
421 1352 533 1402 351.

746 1452 793 1496 9.

70 1593 73 1597 Δ
188 1540 353 1587 Suidas
375 1557 386 1585 ι
415 1538 656 1598 Σωσίὸιος,
686 1538 862 1599 Λάκων,
892 1543 1193 1604 γραμματικὸς
1216 1546 1302 1590 τῶν
1329 1544 1426 1590 ἐπι-

28 1604 84 1658 ‘²³'ss
122 1613 306 1676 λυτικῶν
331 1611 652 1674 καλουμένων.“
678 1611 754 1660 Ἐν
770 1613 933 1666 τούτοις
953 1613 989 1659 δ’
1013 1615 1175 1677 ἱστορεῖ
1195 1614 1269 1661 καὶ
1292 1620 1429 1673 τοῦτο,

124 1683 191 1733 ὅτι
209 1676 317 1738 εἶδός
332 1703 374 1732 τι
396 1683 628 1751 κωμῳδίας
643 1684 736 1732 ἐστὶ
756 1685 1020 1748 καλούμενον
1059 1688 1319 1745 δικηλιστῶν
1356 1688 1431 1746 καὶ

21 1751 29 1763 ”
59 1790 78 1822 2
126 1757 531 1823 [ἤτοιΡ]μιμηλῶν.
555 1757 691 1824 Περὶ
711 1761 810 1806 τῶν
837 1759 1147 1824 [μιμηλῶν]
1173 1761 1223 1807 ἐν
1246 1763 1431 1809 Λακω-

24 1827 73 1886 ²2?
125 1834 247 1896 νικῇ
280 1829 673 1896 ἱστορουμένων
709 1832 955 1879 παλαιῶν
999 1833 1099 1894 (πα
1119 1834 1266 1880 ιδιῶν
1308 1836 1430 1893 conj.

22 1931 27 1958 3
55 1909 59 1911 ’
125 1906 297 1953 Bernh.
321 1920 410 1965 pro
436 1905 660 1962 παλαιῶν;
686 1905 862 1951 addere
887 1922 1078 1966 quoque
1099 1923 1200 1952 eam
1234 1909 1429 1968 possis),

21 2020 26 2027 .
62 1979 78 2039 J,
124 1975 199 2024 καὶ
222 1974 352 2022 ἄλλα.

54 2051 55 2054 ’
74 2038 91 2110 5⁷
189 2052 300 2095 Post
335 2047 612 2110 καλουμένων
651 2052 839 2095 titulum
878 2052 988 2095 libri
1024 2052 1244 2097 excidisse
1278 2062 1423 2112 patet.

21 2178 24 2182 Ι
123 2122 488 2183 Transponenda
506 2123 600 2167 huc
619 2122 840 2167 videntur
856 2125 1000 2168 verba
1022 2122 1133 2186 Περὶ
1151 2125 1253 2171 τῶν.
1266 2162 1275 2171 .
1288 2162 1298 2172 .
1322 2142 1432 2169 παι-

20 2195 22 2198 ’
125 2195 242 2252 διῶν,
261 2204 481 2240 monente
504 2196 826 2256 BernhardyO.
855 2195 1075 2243 Ceterum
1098 2213 1267 2242 vereor
1285 2213 1345 2242 ne
1366 2199 1428 2241 ti—

0 2274 27 2300 V
123 2269 248 2314 tu‘lus
271 2284 329 2313 ex
355 2269 565 2313 Athenaei
603 2269 710 2313 loco
749 2266 839 2328 (fr.
881 2266 970 2330 10)
999 2268 1178 2314 effictus
1199 2271 1271 2314 sit.
1291 2272 1430 2316 Deest

16 2398 17 2402 Ἰ
57 2352 77 2378 Τ
125 2341 317 2402 quidem
353 2340 480 2400 apud
501 2341 776 2385 Athenaeum
797 2357 891 2386 vox
920 2341 1149 2403 μιμηλῶμς
1169 2342 1252 2387 sed
1275 2344 1431 2398 nescio

14 2430 18 2442 ³
124 2429 184 2459 an
199 2429 224 2458 e
246 2423 411 2458 nostro
425 2414 532 2458 loco
542 2414 817 2474 reponenda
832 2415 888 2459 sit
904 2430 994 2474 pro
1010 2411 1202 2474 μιμητάς
1215 2416 1264 2459 in
1278 2415 1434 2459 verbis

63 2484 107 2549 'j'
128 2483 399 2542 δικηλισταί,
418 2487 475 2537 ὡς
493 2483 545 2531 ἄν
562 2503 630 2538 τις
651 2504 722 2534 σκ.
748 2483 848 2548 εἴπῃ
870 2484 948 2533 καὶ,
967 2504 1023 2546 μι
1038 2505 1070 2547 μ
1084 2505 1147 2543 ητ
1160 2485 1231 2539 άς.
1259 2489 1433 2532 Vocem

12 2576 16 2605 ζ
55 2551 83 2595 Ῐι
125 2557 329 2619 μιμηλῶν
349 2559 482 2603 uncis
499 2559 690 2614 inclusi,
710 2567 876 2618 utpote
899 2560 1020 2603 male
1043 2560 1307 2618 repetitam.

754 2699 799 2739 6.

177 2772 368 2813 Laconica
386 2773 521 2811 Pitane
537 2773 698 2812 Eurotae
713 2771 753 2811 ss.
773 2772 853 2812 filia
873 2783 957 2812 esse
977 2773 1118 2822 fertur,
1137 2773 1237 2812 teste
1259 2771 1425 2812 Sosibio.

753 2843 779 2882 7
787 2873 795 2881 .

51 2949 59 2965 .-
182 2915 360 2956 Sosibins
379 2915 624 2955 Mercurium
647 2917 768 2966 eaput
797 2916 910 2955 Jovis
928 2917 1148 2956 Minervam
1177 2915 1432 2966 parturientis

45 2984 63 3032 ‘j
125 2978 363 3030 percussisse
383 2980 454 3019 ait.

749 3048 792 3087 8.

179 3121 358 3163 Sosibius
375 3121 530 3161 cantica
549 3121 899 3172 hyporchematica
915 3124 1050 3163 omnia
1069 3124 1224 3165 cretica
1239 3123 1317 3163 dici
1335 3123 1404 3162 ait.

756 3190 801 3231 9.

180 3263 529 3314 Sosibius,‘Laco,
552 3261 838 3312 grammaticus
854 3274 993 3302 eorum
1015 3275 1067 3303 ex
1088 3267 1217 3314 secta,
1246 3265 1315 3315 qui
1340 3266 1433 3316 Epi-

82 3345 86 3353 ¹
126 3329 236 3382 lytici
256 3330 452 3369 vocantur
476 3327 656 3379 (scripsit
676 3327 726 3368 de
746 3328 918 3368 mimicis
932 3331 1136 3369 Laconum
1151 3330 1295 3378 ludis).
1315 3334 1360 3370 In
1375 3331 1437 3370 his

11 3435 14 3439 ,
24 3398 50 3445 2.ss
125 3393 229 3434 inter
243 3394 320 3434 alia
335 3393 455 3434 etiam
471 3393 608 3432 narrat
622 3402 708 3433 esse
719 3392 921 3443 quoddam
939 3393 1148 3433 comoediae
1170 3405 1310 3445 genus,
1328 3395 1435 3446 quod

3 3450 12 3459 ⁴
29 3453 62 3466 ”
127 3461 266 3511 agatur
291 3469 316 3498 a
336 3458 554 3507 Dicelistis,
575 3457 615 3496 id
631 3459 691 3498 est
708 3468 732 3497 a
744 3457 890 3498 mimis.
916 3458 1002 3498 Alia
1012 3470 1174 3510 quoque
1189 3460 1356 3510 scripsit.

183 3600 297 3651 Apud
313 3600 634 3642 Lacedaemonios
647 3630 659 3651 ,
686 3602 732 3641 ut
753 3600 809 3640 ait
822 3601 1025 3651 Sosibius,
1049 3602 1110 3642 est
1128 3603 1269 3642 comici
1289 3602 1430 3643 ludicri

125 3671 255 3713 ⁵genus
265 3660 466 3715 quoddam
483 3656 709 3714 vetustum,
726 3671 807 3705 non
822 3666 955 3716 magni
975 3665 1116 3716 utique
1126 3665 1268 3716 studii5
1287 3678 1380 3707 nam
1396 3667 1435 3706 in

131 3726 196 3767 his
213 3737 380 3778 quoque·
400 3728 638 3769 tenuitatem
669 3729 850 3779 sequitur
876 3730 1033 3780 Sparta.
1072 3729 1302 3771 imitabatur
1331 3731 1435 3770 enim

134 3789 276 3841 aliquis
293 3791 403 3831 tenui
429 3791 602 3849 dictione
628 3792 825 3843 quosdam
838 3822 849 3842 ‚
874 3793 943 3843 qui
972 3793 1163 3834 arborum
1190 3794 1344 3834 fructus
1374 3795 1436 3834 fu·

0 3522 4 3527 ·
15 3487 53 3522 jai}

135 3857 290 3906 rantur,
310 3858 382 3897 aut
399 3857 598 3913 medicum
613 3859 866 3910 peregrinum
881 3859 961 3899 tale
985 3858 1189 3910 quidpiam
1212 3859 1409 3906 dicentem
1424 3889 1436 3907 ,

133 3920 250 4022 quatio
298 3914 431 3960 A'lexis
472 3921 512 3960 in
544 3918 1154 3974 Mulieressmandragoris-utente
1191 3923 1351 3969 indicat,
1379 3923 1439 3963 liis

134 3994 204 4022 ver
233 3995 284 4023 is:
694 3997 695 4000 ¹

730 4058 906 4105 indigena
922 4060 950 4094 si

225 4112 387 4149 medicus
398 4112 495 4150 (licat
506 4137 517 4158 ‚
536 4116 699 4160 patinam
715 4114 800 4151 huic
817 4115 901 4150 date

1283 189 1689 243 FRAGMENTA.

2676 201 2782 262 στῆ

2112 342 2183 373 10.

1562 419 1806 463 Athenaeus
1820 422 1946 477 XIV,
1960 438 2010 482 p.
2023 422 2082 468 62
2094 439 2132 479 ι,
2143 427 2184 469 D
2202 441 2211 468 :
2233 423 2362 488 Παρὰ
2374 424 2417 472 δὲ
2433 427 2784 488 Λακεδαιμονίοις

1495 491 1690 547 κωμικῆς
1714 490 1887 543 παιδιᾶς
1909 482 1960 549 ἦν
1984 511 2045 546 τις
2067 493 2219 558 τρόπος
2243 497 2448 554 παλαιὸς,
2480 494 2536 552 ὥς
2563 517 2667 563 φησι
2686 501 2782 548 Σω-

1497 558 1648 618 σίὸιος,
1665 562 1741 608 οὐκ
1759 561 1868 624 ἄγαν
1889 565 2139 623 σπουδαῖος,
2160 565 2235 613 ἅτε
2259 567 2310 625 δὴ
2332 570 2412 615 κάν
2428 568 2588 622 τούτοις
2606 570 2654 618 τὸ
2668 570 2782 619 λιτὸν

1497 635 1572 690 τῆς
1593 633 1798 698 Σπάρτης
1821 636 2183 697 μεταδιωκούσης.
2212 638 2442 701 Ἐμιμεῖτο
2464 642 2546 706 γάρ
2569 654 2631 697 τίς
2651 645 2694 690 ἐν
2714 645 2785 690 εὖ·

1497 706 1610 752 τελεῖ
1635 709 1687 771 τῇ
1709 706 1817 762 λέξει
1840 707 2100 763 κλέπτοντάς
2120 729 2235 764 τινας
2259 711 2449 776 ὀπώραν,
2476 712 2505 771 ἢ
2531 713 2689 768 ξενικὸν
2710 716 2781 762 iu·

1498 775 1596 840 τρὸν
1621 778 1784 825 τοιαυτὶ
1802 778 2004 841 λέγοντα,
2025 783 2081 835 ὡς
2096 778 2257 836 Ἄλεξις
2276 785 2319 830 ἐν
2342 785 2779 850 Μανδραγοριζομένῃ

1499 846 1569 894 διὰ
1592 849 1752 896 τούτων
1777 850 2055 916 παρίστησιν·

1984 968 2076 1006 Ἐὰν
2094 968 2296 1019 ἐπιχώριος

1626 1021 1751 1071 ἰατρὸς
1775 1023 1865 1072 εἴπῃ
1879 1051 1890 1071 ,
1907 1024 2081 1074 τρυὸλίον
2098 1024 2223 1075 τούτῳ
2238 1025 2323 1064 δότε

1627 1079 1811 1126 πτισάνης
1829 1081 1960 1128 ἕωθεν,
1978 1087 2287 1134 καταφρονοῦμεν
2302 1083 2458 1128 εὐθέως·

1626 1136 1673 1174 ἂν
1690 1136 1729 1174 δὲ
1744 1138 1932 1177 πτισάναν
1947 1142 2012 1178 καὶ
2028 1140 2216 1190 τρυὸλίον,
2233 1140 2486 1191 θαυμάζομεν.

1627 1195 1702 1232 Καὶ
1718 1194 1830 1234 πάλιν
1851 1196 1916 1235 ἐὰν
1943 1198 2011 1248 μὲν
2029 1197 2213 1246 τευτλίον,
2233 1198 2472 1249 παρείδομεν·

1627 1251 1692 1290 ἐὰν
1711 1252 1750 1291 δὲ
1766 1255 1938 1303 σεῦτλον,
1956 1255 2130 1305 ἀσμένως
2149 1256 2368 1307 ἠκούσαμεν
2385 1268 2392 1276 ·

1627 1312 1679 1353 ὡς
1695 1311 1741 1350 οὐ
1759 1312 1803 1351 τὸ
1820 1314 1975 1352 σεῦτλον
1990 1315 2127 1353 ταυτὸν
2147 1314 2188 1353 ὃν
2207 1318 2263 1364 τῷ
2277 1315 2450 1365 τευτλίῳ.

1504 1403 1763 1453 Ἐκαλοῧντο
1784 1407 1821 1452 δ’
1846 1408 1884 1452 οἱ
1910 1405 2126 1468 μετιόντες
2147 1405 2225 1465 τὴν
2245 1406 2447 1464 τοιαύτην
2473 1406 2647 1454 παιδιὰν
2670 1408 2790 1472 παρὰ

1502 1483 1589 1530 τοῖς
1614 1477 1795 1525 Λάκωσι
1827 1477 2098 1540 δικηλισταὶ,
2122 1481 2178 1531 ὡς
2205 1478 2256 1525 ἄν
2291 1498 2353 1532 τις
2387 1478 2660 1532 σκευοποιοὺς
2691 1479 2791 1545 εἴπῃ

1503 1549 1577 1595 καὶ
1592 1549 1800 1611 μιμητάς.
1821 1552 1862 1598 Τ
1865 1554 1913 1597 οῦ
1932 1549 1975 1596 δὲ
1994 1549 2126 1603 εἴδους
2141 1553 2224 1596 τῶν
2241 1551 2495 1607 δικηλιστῶν
2510 1551 2665 1598 πολλαὶ
2681 1552 2792 1598 κατὰ

1503 1620 1659 1675 τόπους
1682 1621 1764 1668 εἶσὶ
1787 1622 2085 1687 προσηγορίαι.
2114 1621 2342 1670 Σικυώνιοι
2374 1620 2449 1684 μὲν
2472 1621 2555 1686 γὰρ
2578 1623 2791 1688 φαλλοφό·

1506 1711 1600 1758 ρους
1636 1692 1789 1748 αὐτοὺς
1823 1696 2042 1751 καλοῦσιν,
2077 1693 2200 1741 ἄλλοι
2224 1694 2260 1741 δ’
2285 1694 2631 1748 αὖτοκαὸδάλους
2648 1714 2659 1724 ·
2682 1697 2722 1742 οἱ
2748 1695 2793 1742 δὲ

1506 1766 1721 1830 φλύακας,
1742 1769 1799 1820 ὡς
1823 1765 2012 1814 Ἰταλοί·
2039 1764 2242 1832 σοφιστὰς
2268 1765 2313 1814 δὲ
2336 1768 2374 1813 οἱ
2398 1765 2576 1814 πολλοί·
2603 1766 2794 1825 θηὸαῖοι

1506 1839 1576 1901 δὲ,
1598 1838 1652 1886 τὰ
1673 1838 1814 1887 πολλὰ
1841 1838 1958 1893 ἰδίως
1980 1840 2203 1902 ὀνομάζειν
2225 1838 2439 1898 εἰωθότες,
2465 1838 2699 1893 ἐθελοντάς.
2718 1840 2789 1890 Cf.

1504 1914 1687 1959 Miiller.
1710 1916 1819 1958 Dor.
1844 1915 1915 1970 ΙΙ,
1937 1930 1983 1973 p.
2008 1913 2119 1967 344.

2117 2039 2191 2066 11.

1570 2122 1746 2168 Zenob.
1767 2122 1813 2177 Ι,
1837 2119 1893 2174 54
1915 2138 1925 2166 :
1944 2116 1993 2167 Ἄ
2009 2138 2130 2167 κουε
2171 2124 2261 2167 τοῦ
2285 2117 2347 2165 τὰ
2371 2118 2577 2166 τέσσσα
2593 2137 2656 2182 ρα
2679 2109 2715 2165 ὦ
2732 2137 2796 2164 τα

1505 2191 1728 2256 ἔχοντος
1757 2210 1767 2238 :
1875 2189 2021 2239 Ἄλλοι
2050 2192 2091 2239 δὲ
2115 2190 2192 2249 τὴν
2215 2190 2450 2255 παροιμίαν
2480 2189 2795 2254 παραγγέλλειν

1504 2268 1590 2312 τῶν
1614 2263 1904 2322 ἇληθευόντων
1930 2264 2114 2312 ἀκούειν·
2137 2263 2270 2318 οὐδεὶς
2290 2263 2373 2329 γὰρ
2401 2263 2706 2329 ἀψευδέστερος
2721 2267 2795 2310 τοῦ

1507 2337 1799 2399 Ἀπόλλωνος,
1829 2336 1873 2384 ὃν
1899 2337 2156 2402 τετράχειρα
2190 2337 2265 2384 καὶ
2298 2336 2535 2400 τετράωτον
2570 2334 2798 2398 ἱδρύσαντο

1509 2410 1871 2473 Λακεδαιμόνιοι,
1899 2410 1955 2462 ὥς
1980 2429 2084 2474 φησι
2112 2408 2348 2467 Σωσίὸιος,
2376 2407 2440 2455 ὅτι
2463 2411 2648 2460 τοιοῦτος
2676 2405 2798 2473 ὤφθη

1506 2490 1592 2536 τοῖς
1612 2483 1710 2547 περὶ
1742 2483 1958 2546 Ἀμύκλαν
1982 2482 2259 2547 μαχομένοις.
2285 2484 2355 2531 Cf.
2389 2484 2573 2527 Miiller.
2608 2483 2715 2528 Dor.
2749 2483 2796 2537 1,

1507 2575 1552 2619 p.
1586 2555 1707 2614 358,
1728 2575 1777 2618 p.
1799 2572 1877 2617 91.

1588 2692 1740 2738 ptisanae
1757 2702 1864 2728 mane
1883 2705 1894 2733 ς
1909 2693 2117 2738 spernimus
2131 2693 2253 2727 statim
2271 2704 2279 2725 ε

1590 2750 1645 2784 sin
1665 2749 1864 2794 peregrino
1883 2748 2056 2784 idiomate
2076 2747 2203 2784 eadem
2215 2748 2458 2793 pronunciet,
2476 2747 2667 2782 miramur.

1590 2817 1727 2848 Rursus
1742 2813 1771 2847 si
1787 2813 1868 2857 quis
1884 2813 2007 2848 betam
2027 2806 2195 2845 τευτλίον
2213 2812 2324 2854 dicat,
2343 2810 2615 2846 contemnimus
2642 2822 2651 2843 =

1593 2879 1647 2913 sin
1670 2873 1841 2921 σεῦτλον,
1861 2879 2019 2914 libenter
2035 2880 2127 2913 tunc
2142 2877 2338 2913 audimus:

1594 2943 1696 2987 quasi
1717 2953 1792 2978 non
1808 2943 1906 2978 idem
1926 2944 2022 2978 essct
2038 2937 2194 2974 σεῦτλον
2214 2944 2322 2986 atque
2340 2934 2520 2973 τευτλίον.

1507 3056 1767 3096 vocabantur
1797 3058 1932 3096 autem
1963 3057 2032 3105 qui
2066 3057 2142 3096 hoc
2183 3055 2388 3095 ludicrum·
2426 3051 2662 3092 exercebant
2697 3051 2798 3101 apud

1509 3121 1831 3162 Lacedaemonios
1845 3151 1856 3170 ,
1875 3121 2108 3162 dioclistae:
2126 3122 2238 3171 quasi
2259 3119 2348 3170 quis
2366 3117 2494 3166 dicat,
2516 3118 2589 3168 qui
2611 3125 2798 3166 appara-

1510 3189 1578 3226 tus
1593 3188 1773 3226 scenicos
1786 3188 1826 3225 et
1836 3196 2040 3236 personas
2059 3185 2287 3235 conficiunt
2299 3213 2311 3232 ,
2328 3183 2398 3221 aut
2426 3182 2678 3220 imitatores.
2701 3179 2799 3219 Sunt

1509 3252 1644 3290 autem
1661 3250 1836 3300 ejusdem
1857 3249 2008 3300 generis
2024 3248 2324 3289 dicelistarum
2338 3245 2494 3285 diversa
2517 3242 2680 3283 diversis
2706 3241 2799 3280 locis

1510 3314 1685 3355 nomina.
1701 3314 1873 3365 Sicyonii
1889 3313 1994 3353 enim
2012 3311 2324 3364 phallophoros
2346 3308 2578 3355 nominant3
2598 3305 2662 3345 alii
2682 3307 2797 3344 aulo·

1510 3378 1712 3418 cabdalos
1759 3378 1901 3429 (quasi
1943 3378 2286 3428 improvisatores
2303 3375 2340 3423 );
2385 3372 2448 3412 alii
2481 3370 2711 3422 plemneus,
2753 3370 2795 3405 ut

1512 3444 1599 3484 Itali
1619 3460 1628 3486 ε
1651 3444 1794 3494 vulgus
1816 3454 1910 3483 vero
1937 3442 2148 3494 sophistas
2163 3442 2282 3480 vocat
2307 3455 2316 3478 :
2341 3435 2513 3478 Thebani
2544 3436 2698 3479 autem,
2728 3433 2795 3498 qni

1511 3509 1709 3559 plerisque
1734 3507 1852 3547 rebus
1866 3506 2022 3558 propria
2035 3506 2237 3556 imponere
2249 3503 2409 3543 nomina
2428 3499 2579 3546 solent,
2597 3494 2789 3538 ἐθελοντάς

1513 3575 1526 3624 ζ
1537 3574 1805 3615 voluntarios
1824 3573 1894 3622 ant
1916 3570 2213 3622 spontaneos).

2122 3694 2188 3732 11.

1562 3785 1765 3828 Ausculta
1782 3786 1988 3835 quattuor
2007 3791 2132 3820 aures
2153 3778 2367 3818 habenti...
2392 3772 2461 3811 Alii
2480 3771 2617 3820 putant
2632 3777 2791 3817 pmver·

1512 3851 1629 3896 bium
1653 3847 1853 3891 adhortari
1882 3847 1927 3885 ut
1943 3855 2038 3884 vera
2056 3841 2273 3883 dicentibus
2301 3847 2435 3877 aurem
2456 3833 2641 3884 praebeas.
2670 3832 2793 3870 Nemo

1512 3916 1616 3956 enim
1631 3926 1655 3953 a
1673 3912 1874 3952 mendacio
1897 3910 2058 3951 alienior
2078 3905 2274 3957 Apolline,
2295 3901 2404 3950 cujus
2432 3899 2584 3948 signum
2605 3897 2792 3960 quattuor

1512 3975 1693 4015 manibus
1714 3974 1753 4011 et
1776 3970 1939 4010 auribus
1965 3969 2201 4007 instructum
2223 3959 2452 4001 dedicarunt
2481 3952 2762 3996 Laoedcemonn
2779 3982 2788 3997 ‚

1484 4065 1488 4077 2
1511 4038 1700 4096 qnoniam
1729 4035 1817 4075 talis
1838 4033 1929 4084 ipsis
1948 4031 1997 4083 ad
2019 4029 2214 4078 Amyclam
2249 4021 2508 4074 pugnantibus
2534 4018 2760 4067 apparuerat
2778 4044 2789 4060 ‚

1514 4104 1570 4145 uti
1592 4102 1767 4143 Sosibius
1783 4101 1927 4139 narrat.

2531 4189 2576 4215 ιθ,
