3016 4628
1004 325 1341 375 ARGOLIDIS
1380 322 1803 373 RESPUBLICAE.

26 474 28 479 ·
88 442 231 505 λιτείᾳ
254 443 431 508 σμικρόν
466 461 507 489 τι
541 442 808 499 καινοτομεῖ,
840 433 1044 500 ὀφελλοὺς
1078 432 1230 486 αὐτοὺς
1253 431 1359 485 τέως

2633 333 2723 374 139

1440 449 1558 493 γουν.
1630 427 1817 490 Λέγεται
1835 431 1935 490 γοῦν
1967 427 2225 485 Κλεισθένης
2245 428 2314 474 τὸν
2341 430 2629 494 ἀποκρίναντα
2652 436 2728 488 τ’ἧς

0 520 1 545 ¹
33 534 39 543 ’
89 517 331 581 ὠνομάσθαι
355 515 514 577 λέγων,
537 515 610 560 τοῦ
635 511 711 573 μὲν
737 507 930 574 ὀφέλλειν
959 507 1187 564 δηλοῦντος
1206 504 1254 551 τὸ
1279 502 1363 551 αὔ-
1441 500 1559 558 νίκης
1585 499 1713 547 αὐτὸν
1736 502 1793 553 ὡς
1812 498 2126 561 ἐστεφάνωσεν·
2153 498 2255 545 ἔνιοι
2280 499 2314 545 δ’
2342 500 2483 547 εἰκόνα
2513 505 2640 566 φασὶν
2667 507 2730 549 εἰ-

65 589 191 648 ’ξειν,
211 591 349 636 αὐτῶν
380 585 423 634 δὲ
441 585 510 634 διὰ
535 584 583 632 τὸ
608 586 663 637 εἷς
686 584 822 644 μῆκος
845 577 1055 636 ηὐξῆσθαι
1076 569 1160 624 ῶδε
1179 575 1362 651 κληθέων-

83 680 194 710 των·
216 660 307 708 ὅθεν
336 658 409 707 καὶ
433 657 481 705 τὸ
505 654 689 722 ὀφείλειν
729 650 977 713 ὠνομάσθαι
1012 649 1140 716 φησὶν
1178 651 1254 696 οὐκ
1288 647 1365 696 οἷδ’

84 732 224 787 ὅπως·
249 730 320 779 ἐπὶ
344 728 486 792 μέντοι
508 729 591 775 τῶν
625 724 786 772 ὀὸελῶν
807 721 1086 785 ὗπηλλάχθαι
1108 719 1157 767 τὸ
1184 740 1212 786 φ
1238 723 1294 774 εἷς
1317 719 1367 766 τὸ

89 808 116 871 β
135 803 248 852 κατὰ
274 799 534 866 συγγένειαν.

151 881 220 927 Cf.
243 877 502 925 Eustathius
520 874 580 920 ad
602 875 658 919 11.
675 874 733 929 A,
752 888 801 932 p.
824 872 912 916 136
925 906 938 927 ,
953 872 1035 916 ubi
1054 873 1116 916 ait
1136 872 1250 916 olim
1269 868 1368 916 660-
1396 922 1400 926 .

43 935 47 938 Δ
86 950 159 998 λὸν
171 961 216 996 et
227 947 374 1010 ὀδελὸν
388 947 596 1007 ejusdem
607 944 953 1006 significationis
962 945 1110 1001 fuisse,
1125 959 1200 1003 ap.
1215 953 1370 1003 poste-

86 1025 234 1070 riores
255 1022 432 1067 diversa
449 1020 587 1079 plane
619 1019 691 1062 his
713 1018 907 1061 vocibus
936 1016 1134 1061 indicari
1150 1050 1162 1072 ‚
1198 1016 1372 1060 scilicet

86 1091 234 1142 ὀδελὸν
253 1092 510 1154 significare
527 1107 628 1135 veru
650 1124 661 1146 ,
683 1085 834 1135 ὀὸολὸν
859 1086 903 1134 δὲ
917 1088 1115 1152 σιδηροῦν
1139 1105 1180 1133 τι
1200 1085 1372 1148 ἔλασμα

87 1166 250 1229 ἔλεγον,
263 1166 415 1228 σχῆμα
431 1161 508 1226 μέν
522 1181 613 1215 πως
628 1159 726 1226 ἕχον
745 1160 916 1222 ὀὸελοῦ,
931 1161 975 1207 οὔ
995 1159 1140 1223 μέντοι
1158 1161 1216 1213 εἷς
1230 1158 1372 1217 πάντη

86 1235 158 1294 ὀξὺ
178 1238 332 1298 λῆγον·
356 1234 466 1282 οὕτω
488 1233 532 1281 δὲ
554 1233 680 1298 ἁδρὸν
705 1226 756 1291 ἦν
779 1236 833 1298 τῇ
862 1231 1082 1296 παχύτητι
1111 1233 1248 1279 ἐκεῖνο
1261 1229 1372 1277 νἔλα-

88 1323 178 1371 σμα
188 1313 262 1355 τοῦ
276 1306 426 1355 ὀὸολοῦ
444 1304 556 1353 ὥστε
571 1303 712 1352 &Geloi
737 1303 779 1359 ἓξ
798 1303 874 1362 τὴν
890 1303 1027 1368 δράκα
1041 1302 1269 1367 ἐπλήρουν.
1285 1301 1375 1350 Καὶ

86 1385 210 1428 τοῦτο
247 1377 416 1441 ἐλέγετο
451 1375 651 1442 δραχμή,
685 1375 849 1423 ὀὸολῶν
880 1375 1082 1423 τοιούτων
1115 1374 1231 1432 ἑξὰς,
1264 1372 1374 1420 ὅσων

78 1443 388 1542 ’ἐπιδείράχθαι
417 1448 594 1496 δύναται
617 1446 731 1512 χείρ.
755 1451 906 1509 Etym.
929 1451 994 1493 M.
1015 1465 1060 1496 v,
1083 1446 1295 1500 Ὀὃολόςε
1318 1446 1374 1493 Οἱ

89 1522 168 1587 μὲν
195 1541 266 1570 ουν
297 1522 444 1576 Ἴωνες
477 1520 645 1579 ὀὸελός,
671 1519 796 1582 ἡμεῖς
834 1517 880 1566 δὲ
922 1518 1090 1573 ὀὸολός·
1112 1517 1294 1569 ιπάντων
1332 1517 1376 1565 δὲ

88 1598 255 1662 πρῶτος
267 1594 438 1642 Φείδων
457 1593 640 1656 Ἀργεῖος
656 1591 849 1654 νόμισμα
868 1589 1017 1656 ἔκοψεν
1035 1593 1077 1638 ἓν
1094 1590 1266 1655 Αἰγίνῃ.
1287 1590 1376 1639 Καὶ

59 1680 61 1682 ’
91 1667 160 1715 διὰ
183 1666 230 1714 τὸ
252 1666 444 1728 νόμισμα
477 1663 705 1711 ἀναλαὸὼν
731 1662 828 1718 τοὺς
851 1663 1098 1718 ὀὸελίσκους
1122 1663 1300 1720 ἀνέθηκε
1323 1667 1376 1727 τῇ

59 1770 62 1774 ·
90 1741 135 1787 ἐν
155 1734 300 1804 Ἄργει
323 1736 469 1802 ἽῘρᾳ·
488 1735 636 1794 ἐπειδὴ
655 1734 698 1783 δὲ
718 1733 812 1782 τότε
838 1737 878 1782 οἱ
897 1733 1026 1799 (ἓξὲ)
1061 1734 1276 1782 ὀδελίσκοι
1300 1735 1377 1791 τὴν

89 1811 215 1877 χεῖρα
239 1804 670 1871 ἐπλήρουν,τουτέστι
693 1805 772 1865 τὴν
788 1804 943 1870 δράκα,
960 1807 1106 1869 ἡμεῖς,
1131 1803 1289 1870 καίπερ
1317 1804 1377 1868 μὴ

89 1883 349 1948 πληροῦντες
371 1879 449 1938 τὴν
475 1879 615 1944 δράκα
637 1881 723 1933 τοῖς
742 1877 786 1934 ἒξ
807 1877 998 1938 ὀὸολοῖς,
1024 1877 1224 1944 δραχμὴν
1247 1877 1380 1936 αὐτὴν

62 1953 266 2019 -γλέγομεν
279 1989 293 2013 ,
313 1951 433 2018 παρὰ
452 1950 500 1998 τὸ
519 1950 770 2016 δράξασθαι.
786 1951 1024 1998 Plutarch.
1048 1952 1271 2013 Lysandr.
1304 1967 1378 2009 17.

36 2051 38 2055 ·
90 2029 239 2088 Etym.
263 2027 330 2088 M.
366 2042 377 2070 ε
412 2022 614 2090 Ὀφέλλω
647 2021 849 2084 σημαίνει
881 2021 931 2069 τὸ
955 2020 1096 2081 αὔξω,
1135 2021 1379 2069 &agoma-

40 2094 43 2102 ’
91 2089 205 2153 ἐξοῧ
232 2097 492 2160 πλεονασμῷ
514 2098 590 2141 τοῦ
616 2113 630 2140 ι
671 2093 834 2157 γίνεται
857 2092 1037 2159 ὀφείλω·
1059 2093 1152 2140 ὅθεν
1178 2092 1253 2139 καὶ
1273 2091 1394 2154 ὀφεί-

75 2171 210 2232 λημα
230 2169 278 2217 τὸ
299 2167 582 2230 αὐξανόμενον
598 2169 639 2215 ἐν
659 2169 720 2231 τῷ
737 2165 850 2233 τόκῳ
866 2165 1047 2215 δάνειον.
1063 2169 1197 2213 Idem
1215 2182 1227 2215 ε
1250 2166 1382 2214 '053-

87 2241 238 2295 ’λίσκος
265 2240 390 2288 οἱονεὶ
424 2238 646 2305 ὀφελίσκος
665 2258 727 2292 τις
749 2237 827 2299 ὢν,
854 2241 876 2284 ὁ
900 2240 959 2292 εἷς
985 2243 1122 2301 μῆκος
1143 2238 1377 2304 ὀφελλόμε-

91 2331 182 2367 νος·
213 2314 406 2378 ὀφέλλειν
436 2312 520 2376 γὰρ
543 2311 591 2358 τὸ
617 2309 783 2365 αὔξειν·
809 2309 883 2358 καὶ
907 2310 1077 2365 ὀὸελός·
1104 2310 1306 2373 σημαίνει
1337 2309 1383 2358 δὲ

43 2435 45 2437 ,
90 2384 314 2451 ἀμφότερα
337 2383 414 2438 τὰς
436 2383 637 2436 σούὸλας.

636 2483 746 2547 [101
776 2488 836 2540 a.]

111 2571 114 2573 .
164 2589 331 2644 [Arist.
362 2586 468 2632 Pol.
502 2588 559 2642 V,
598 2601 683 2642 10,
711 2585 738 2630 3
768 2602 778 2630 :
807 2582 1092 2632 Μεταὸάλλει
1120 2582 1194 2631 καὶ
1218 2585 1278 2637 εἷς
1306 2603 1384 2630 τυ-

7 2655 9 2661 ’
49 2695 57 2706 ,,
95 2657 268 2722 ραννίδα
291 2656 514 2720 τυραννὶς,
536 2654 682 2720 ὥσπερ
705 2658 732 2713 ἡ
759 2657 977 2710 Σικυῶνος
1001 2657 1050 2703 ἐκ
1074 2659 1151 2714 τ’ῆς
1175 2655 1385 2722 Μύρωνος

54 2775 72 2790 Ἴ.
94 2731 153 2784 εἷς
171 2727 247 2787 τὴν
268 2728 559 2783 Κλεισθένους.

160 2804 262 2848 Pol.
288 2805 356 2858 V3
381 2809 409 2850 9
427 2837 440 2859 ‚
462 2818 519 2847 21
548 2819 559 2847 ι
581 2803 744 2848 Πασῶν
770 2801 1173 2867 ὀλιγοχρονιώτεραι
1197 2804 1280 2849 τῶν
1303 2821 1382 2848 πο-

94 2874 263 2921 λιτειῶν
305 2874 409 2920 εἰσιν
446 2873 677 2938 ὀλιγαρχία
707 2873 782 2919 καὶ
815 2873 1032 2938 τυραννίς·
1064 2875 1265 2921 πλεῖστον
1301 2873 1382 2937 γὰρ

0 2960 2 2986 l
56 2993 59 2997 ,
79 2940 260 3008 ’ἐγένετο
273 2944 426 3010 χρόνον
451 2947 478 3002 ἡ
495 2945 594 3010 περὶ
623 2947 825 2993 Σικυῶνα
849 2945 1043 3011 τυραννὶς
1062 2949 1089 3003 ἡ
1117 2949 1200 2992 τῶν
1229 2945 1384 3010 Ὀρθα-

0 3032 3 3072 ῑ
34 3028 38 3031 ’
97 3017 222 3081 γόρου
255 3016 422 3064 παίδων
452 3016 526 3064 καὶ
551 3019 682 3064 αὐτοῦ
708 3017 996 3083 Ὀρθαγόρου.
1067 3014 1183 3076 Ἔτη
1209 3017 1244 3064 δ’
1272 3016 1381 3076 αὕτη

0 3075 3 3095 ¹
97 3087 302 3152 διέμεινεν
321 3088 471 3136 ἑκατόν
491 3109 502 3120 ·
528 3089 679 3138 τούτου
701 3090 736 3137 δ’
755 3089 905 3149 αἴτιον,
930 3089 998 3138 ὅτι
1020 3097 1108 3144 τοῖς
1129 3090 1382 3155 ἀρχομένοις

0 3154 4 3225 'fi
100 3162 287 3226 ἐχρῶντο
311 3161 517 3228 μετρίως,
557 3162 632 3211 καὶ
670 3162 814 3210 πολλὰ
844 3164 931 3217 τοῖς
967 3162 1114 3226 νόμοις
1139 3162 1381 3211 ἐδούλευον·

57 3233 172 3286 aaut
195 3233 266 3280 διὰ
298 3232 347 3280 τὸ
381 3234 612 3298 πολεμικὸς
638 3234 828 3298 γίνεσθαι
853 3236 1114 3293 Κλεισθένης
1137 3237 1214 3283 οὐκ
1236 3229 1289 3294 ἦν
1315 3237 1383 3282 εὖ·

42 3300 431 3376 ῖκαταφρόνητος·
451 3306 593 3355 καὶτὰ
609 3306 750 3355 πολλὰ
766 3316 861 3363 ταῖς
877 3307 1138 3372 ἐπιμελείαις
1151 3309 1380 3372 ἓδημαγώ·

0 3490 2 3492 ,
29 3419 280 3508 4*Ξβφελλοὺς
306 3454 374 3483 eos
393 3443 559 3494 (obolos
580 3445 663 3484 sive
685 3445 846 3496 obelos)
871 3457 942 3496 per
960 3448 1118 3496 tempus
1137 3446 1299 3496 aliquod
1327 3458 1390 3497 ap·

63 3504 264 3563 [pollutos
289 3517 372 3547 esse
396 3507 492 3547 dicit
521 3523 530 3547 :
548 3508 693 3548 etenim
713 3509 878 3559 ὀφέλλειν
897 3509 1116 3560 significare
1137 3520 1292 3559 auqere
1306 3540 1318 3558 ‚
1339 3511 1390 3550 ab

66 3566 229 3619 *meque
252 3569 432 3620 ὀφελλοὺς
447 3570 575 3611 'dictos
597 3582 702 3621 esse,
721 3572 830 3623 quod
859 3573 986 3612 forma
1007 3583 1144 3612 eorum
1162 3573 1203 3612 in
1222 3573 1390 3623 longitu-

105 3628 237 3672 dinem
253 3644 296 3673 se
315 3633 532 3675 extendens
546 3637 756 3686 augeatur3
772 3636 824 3676 ab
843 3636 1010 3688 ὀφέλλειν
1030 3637 1151 3675 etiam
1167 3638 1211 3676 τὸ
1229 3637 1389 3687 ὀφείλειν

14 3748 15 3752 ,
62 3709 74 3730 -„
101 3695 270 3736 'verbum
283 3696 482 3747 derivare,
495 3699 628 3738 nescio
643 3699 861 3750 quomodo.
880 3701 1066 3740 Ceterum
1086 3700 1128 3739 in
1148 3710 1245 3740 voce
1261 3700 1389 3745 ὀδελός

47 3765 52 3771 ’
104 3753 255 3799 itteram
269 3773 295 3812 φ
309 3759 351 3800 in
366 3762 575 3812 cognatam
590 3761 747 3802 literam
769 3764 792 3814 β
808 3763 966 3803 abiisse.

659 3828 751 3885 [101
775 3829 832 3886 8.]

51 3902 84 3958 ³4.
100 3923 106 3950 3
155 3891 354 3946 [Mutatur
371 3897 489 3937 etiam
511 3897 553 3938 in
566 3898 817 3949 tyrannidem
837 3899 1037 3949 tyrannis,
1051 3898 1390 3949 quemadmodum

60 3955 271 4011 ,jisicyone
290 3961 463 4012 Myronis
479 3963 658 4013 tyrannis
671 3963 712 4002 in
727 3963 837 4004 illam
854 3955 1097 4004 Clisthenem
1120 3965 1275 4003 mutata
1293 3963 1389 4014 est]

54 4026 109 4078 202
156 4020 244 4073 [nx
269 4023 454 4065 omnibus
477 4025 764 4077 rebuspubncis
785 4026 997 4078 eligarchia
1023 4028 1064 4067 et
1082 4027 1260 4077 tyrannis
1282 4026 1389 4077 citis-

34 4120 40 4130 .
59 4041 210 4151 *iiiam
221 4086 417 4141 delentur.
438 4089 667 4131 Diutissime
682 4092 786 4131 enim
807 4092 916 4132 stetit
931 4103 978 4132 ea
1006 4103 1098 4142 quae
1124 4091 1291 4141 Sicyone
1318 4091 1394 4130 suit

75 4147 341 4209 {vot-thagorae
355 4153 572 4193 liberorum
594 4155 635 4194 et
652 4154 774 4206 ipsius
791 4156 1024 4206 Orthagorae
1046 4155 1224 4205 tyrannis
1243 4171 1251 4194 :
1270 4165 1394 4194 annos

103 4211 216 4254 etim
233 4217 392 4256 eentum
410 4217 638 4268 permansit.
654 4219 779 4269 Cujus
794 4220 848 4260 rei
865 4231 983 4260 causa
995 4221 1054 4260 est
1069 4219 1177 4270 quod
1195 4217 1394 4267 subjectos

30 4271 32 4276 ⁸
68 4267 321 4326 &moderate
339 4275 562 4322 tractabant
587 4282 628 4322 et
649 4282 866 4333 plurimum
888 4283 1040 4333 legibus
1077 4282 1315 4323 serviebant.
1343 4283 1392 4322 Et

34 4341 99 4402 2.

45 4405 100 4433 .3

1443 593 1511 620 ναι
1534 577 1609 619 τοῦ
1626 571 1845 636 κρίναντος
1862 569 1994 624 οὕτως
2018 569 2089 617 τὸν
2112 570 2342 635 ἀνδριάντα
2364 572 2434 618 τὸν
2461 575 2502 619 ἐν
2520 578 2571 638 τῇ
2597 577 2731 640 ἀγορᾷ

1444 642 1697 707 καθήμενον.
1719 642 1737 704 ]

1958 750 2222 800 ΑΧΑΙΩΝ.
2253 752 2258 755 ’

1511 871 1581 915 Ex
1593 869 1874 914 Achoeomm
1894 866 2079 930 Ἀχαιῶν
2102 865 2298 930 πολιτείᾳ
2310 868 2447 927 plura
2467 872 2739 929 excerpsism,¹

1451 939 1703 1003 Sopatrum
1724 943 1810 989 lib.
1836 943 1935 987 XII
1954 940 2098 985 tradit
2119 941 2313 985 Photius
2340 941 2460 985 Bibl.
2489 942 2596 986 cod.
2631 942 2734 985 161.

1889 1055 2296 1104 HEAAHNEQN.

2046 1190 2154 1220 102.

1518 1288 1864 1347 Harpocration
1893 1303 1904 1331 ε
1936 1287 2195 1351 Μαστῆρες·
2225 1284 2456 1349 Ὑπερίδης
2480 1287 2523 1333 ἐν
2547 1288 2607 1350 τῷ
2643 1286 2744 1351 πρὸς

1453 1357 1711 1421 Πάγκαλον.
1725 1356 1901 1406 Ἔοικεν
1924 1357 2038 1422 ἀρχή
2052 1377 2114 1412 τις
2130 1350 2238 1405 εἶναι
2257 1357 2591 1420 ἀποδεδειγμένη
2607 1360 2676 1406 ἐπὶ
2695 1360 2743 1406 τὸ

1453 1433 1594 1488 ζητεῖν
1625 1431 1680 1477 τὰ
1703 1429 1826 1477 κοινὰ
1857 1434 1931 1478 τοῦ
1957 1430 2126 1493 δήμου,
2152 1433 2209 1484 ὡς
2241 1431 2278 1477 οἱ
2315 1430 2498 1489 ζητηταὶ
2534 1431 2607 1478 καὶ
2641 1434 2679 1478 οἱ
2703 1436 2744 1480 ἐν

1455 1501 1668 1565 Παλλήνῃ
1697 1502 1907 1567 μάστροι,
1929 1504 1986 1557 ὡς
2010 1501 2310 1567 Ἀριστοτέλης
2334 1505 2378 1550 ἐν
2405 1506 2459 1567 τῇ
2486 1504 2744 1562 Πελληνέων

1457 1577 1551 1638 (sic
1583 1578 1809 1634 Valesius3
1856 1574 2111 1631 Πελληνίων
2150 1577 2284 1638 libri)
2322 1575 2537 1640 πολιτείᾳ.
2574 1578 2745 1623 Eadem

1453 1649 1669 1709 Photius‚
1684 1649 1766 1692 ubi
1786 1648 1896 1694 cod.
1912 1650 2076 1693 vitiose
2094 1649 2359 1710 Μαστεῖρες,
2378 1659 2424 1694 et
2435 1650 2610 1706 Suidas,
2623 1652 2747 1710 apud

1455 1736 1595 1780 quem
1615 1738 1625 1765 :
1652 1719 1726 1766 καὶ
1747 1719 1785 1765 οἱ
1803 1720 1844 1764 ἐν
1857 1717 2006 1782 Πέλλῃ
2023 1718 2222 1784 μαστροί.
2242 1721 2290 1766 M
2297 1718 2446 1784 αστροί
2465 1723 2602 1765 etiam
2623 1723 2748 1781 apud

1454 1794 1674 1838 Photium
1690 1794 1923 1838 scribitur.
1940 1792 2201 1838 Aristotelis
2220 1795 2506 1838 mentionem
2534 1809 2590 1838 ex
2614 1811 2747 1839 more

1457 1866 1678 1910 omittunt
1697 1875 1744 1910 et
1764 1866 1957 1910 Photius
1977 1874 2023 1910 et
2046 1866 2224 1911 Suidas.
2249 1863 2321 1910 Cf.
2345 1867 2536 1910 alteram
2557 1867 2749 1925 glossam

1459 1939 1616 1982 Photii
1646 1954 1656 1983 :
1685 1937 1924 2000 Μαστῆρες
1940 1971 1952 1993 ,
1979 1937 2017 1982 οἱ
2038 1934 2092 1982 τὰ
2114 1934 2404 2000 φυγαδευτικὰ
2427 1934 2636 2001 χρήματα
2662 1938 2749 1983 εἷσ-

1455 2007 1736 2074 πράττοντεςῦ
1758 2007 1886 2055 οἱονεὶ
1909 2007 2091 2066 ζητηταὶ
2114 2010 2198 2054 τῶν
2221 2008 2541 2073 φυγαδευτικῶν
2565 2007 2747 2072 χρημά-

1457 2099 1542 2127 των
1558 2082 1655 2127 ’τῶν
1692 2079 1924 2145 ἀειφυγίαν
1962 2079 2324 2145 φυγαδευθέντων.
2349 2079 2662 2144 [Ἐκλήθησαν
2702 2079 2746 2126 δὲ

1458 2156 1675 2216 μαστῆρες
1702 2152 1789 2199 ἀπὸ
1821 2155 1907 2199 τῶν
1931 2155 2126 2216 κυνηγῶν
2150 2156 2236 2199 τῶν
2265 2154 2308 2199 ἐν
2331 2159 2421 2206 τοῖς
2460 2159 2642 2215 μαστοῖς
2666 2155 2749 2199 τῶν

1457 2227 1565 2289 ὀρῶν
1609 2223 1845 2283 ζητούντων
1887 2223 1941 2271 τὰ
1989 2224 2114 2289 θηρία
2135 2263 2146 2283 ,
2170 2229 2283 2272 Lex,
2329 2224 2462 2271 Rhet.
2506 2228 2557 2270 in
2601 2227 2746 2270 Bekk.

1459 2301 1548 2343 An.
1582 2315 1632 2358 p.
1663 2315 1786 2358 279,
1814 2297 1898 2359 6];
1933 2300 2188 2358 Hesychius
2212 2315 2222 2343 ε
2251 2297 2482 2361 Μάστροι,
2509 2294 2630 2361 παρὰ
2658 2295 2752 2345 Ῥο-

1462 2368 1564 2422 δίοις
1594 2372 1642 2431 (P)
1667 2371 1946 2433 βουλευτῆρες
1982 2369 1994 2434 (
2017 2368 2242 2433 βουλευταὶ
2282 2368 2354 2432 [οἳ
2393 2369 2496 2433 καὶ]
2535 2373 2752 2433 μαστῆρες

1461 2443 1659 2501 conjecit
1679 2444 1952 2503 Bernhardy
1975 2444 2035 2488 ad
2059 2443 2189 2488 Suid.
2215 2459 2260 2489 v,
2283 2443 2549 2506 Μαστῆρες).
2577 2443 2709 2487 Idem
2736 2458 2748 2490 ε

1461 2513 1622 2578 Ματήρ
1648 2512 1882 2576 (μαστῆρὶ)
1901 2514 1913 2575 )
1931 2550 1943 2571 ,
1968 2515 2195 2572 ἐπιζητῶν,
2223 2513 2474 2578 ἐρευνητής,
2503 2512 2751 2567 ἐπίσκοπος.

1463 2590 1678 2634 Ceterum
1699 2589 1757 2632 de
1772 2589 1976 2643 ζητηταῒς
1999 2604 2045 2633 v.
2070 2591 2326 2635 Hermann.
2353 2589 2748 2635 staats-Alcerth.

1460 2661 1487 2721 S
1517 2661 1604 2706 133
1623 2695 1635 2717 ‚
1660 2675 1719 2720 23
1745 2659 2041 2705 Schoemann.
2067 2662 2262 2720 Antiqq.
2293 2677 2340 2720 p.
2370 2659 2461 2716 257
2483 2694 2495 2716 ‚
2527 2677 2551 2717 7
2575 2675 2589 2720 3
2614 2661 2703 2704 231
2727 2697 2738 2716 ,

1463 2735 1510 2791 63
1537 2739 1656 2793 249,
1692 2734 1739 2789 6,
1764 2743 1810 2778 et
1834 2749 1952 2792 quos
1985 2733 2192 2777 laudant.
2220 2760 2286 2768 -—
2314 2735 2534 2778 Formam
2572 2732 2753 2789 Πελλη-

1460 2804 1560 2851 νίων
1589 2807 1890 2866 grammatico
1912 2807 2233 2862 concesserim,
2256 2821 2539 2864 quamquam
2571 2807 2751 2850 Aristo-

1463 2880 1571 2923 teles
1594 2880 1827 2938 scripserit
1851 2875 2137 2934 Παλληνέων.
2173 2877 2395 2938 Stephan.
2425 2894 2471 2922 v.
2507 2875 2711 2934 Πελλήνη
2740 2895 2750 2923 :

1462 2948 1520 2997 ‘H
1544 2947 1620 3012 μὲν
1643 2948 1846 3007 Πελλήνη
1868 2948 1943 2995 δύο
1963 2949 2074 3010 μόνα
2093 2949 2236 2995 ἐθνικόι
2257 2948 2363 3013 ἔχει,
2382 2947 2430 2995 τὸ
2455 2950 2512 3002 εἷς
2529 2949 2596 3002 εύς
2618 2947 2692 2994 καὶ
2707 2949 2756 2996 τὸ

1461 3019 1532 3067 διὰ
1555 3025 1630 3068 τοῦ
1654 3040 1740 3082 ιος,
1766 3024 1792 3078 ἡ
1820 3021 1863 3067 δὲ
1884 3020 2097 3078 Παλλήνη
2120 3019 2190 3066 διὰ
2210 3026 2284 3067 τοῦ
2311 3039 2338 3066 α
2374 3019 2595 3085 τέσσαρα,
2622 3021 2753 3067 Παλ-

1459 3091 1637 3151 ληνεὺς,
1665 3091 1915 3148 Παλλήνιος
1931 3129 1945 3155 ,
1969 3094 2248 3150 Παλληναῖος
2265 3129 2277 3151 ,
2300 3091 2598 3150 Παλληνίτης.
2623 3095 2757 3138 Cete-

1457 3182 1564 3211 rum
1597 3165 1880 3223 Πελληναίων
1903 3167 2046 3211 habes
2068 3167 2118 3210 in
2142 3167 2285 3212 codd.
2313 3167 2529 3211 Ciceron.
2557 3166 2634 3210 Ad
2656 3169 2752 3213 Att.

1459 3242 1504 3284 II
1520 3274 1532 3296 ,
1559 3256 1613 3296 2,
1640 3256 1736 3299 quo
1762 3242 1867 3285 loco
1893 3240 2121 3285 docemur
2139 3241 2460 3286 Dicaearchum
2484 3254 2672 3299 quoque
2697 3239 2757 3283 de

1458 3314 1578 3372 Rep.
1606 3312 1944 3357 Pellenensium
1967 3314 2210 3372 scripsisse.

1463 3447 1706 3498 Clisthenes,
1730 3448 1826 3498 quia
1844 3448 2055 3487 bellicosus
2082 3448 2189 3496 erat,
2213 3458 2294 3486 non
2318 3446 2392 3485 suit
2414 3445 2659 3495 contemptui
2690 3444 2756 3482 ha-

1463 3510 1570 3551 bitus
1588 3527 1597 3551 :
1615 3512 1710 3551 item
1725 3512 1934 3562 populares
1950 3511 2197 3561 indulgenter
2212 3510 2411 3549 habebant
2422 3540 2433 3559 ‚
2447 3509 2622 3559 ipsorum
2639 3507 2757 3546 rebus

1464 3575 1721 3614 consulendo.
1754 3575 1908 3614 Dicitur
1946 3576 2052 3615 enim
2082 3575 2303 3614 Clisthenes
2324 3581 2416 3613 eum
2447 3572 2517 3622 qui
2547 3571 2755 3611 victoriam

1463 3639 1514 3678 ab
1533 3638 1617 3689 ipso
1633 3638 1903 3688 abjudicaret,
1925 3649 2071 3678 corona
2095 3637 2284 3686 donasse;
2313 3636 2493 3676 nonnulii
2515 3636 2649 3674 autem
2671 3635 2752 3672 sta-

1464 3706 1576 3743 tuam
1595 3704 1704 3742 illam
1720 3702 1760 3740 in
1784 3703 1869 3741 soro
1895 3702 2099 3742 sedentem
2117 3701 2203 3751 ejus
2222 3701 2290 3751 qui
2311 3700 2366 3740 ita
2389 3698 2606 3750 iudicavit,
2629 3697 2753 3736 simu-

1463 3767 1619 3806 lacrum
1635 3778 1719 3807 esse
1734 3767 1887 3807 dleunt.
1906 3766 1921 3818 ]

1854 3876 2369 3928 PELLENENSIUM.

2062 3997 2160 4036 102.

1516 4093 1740 4143 Μαστῆρες,
1766 4091 2036 4142 inquisitores,
2056 4089 2306 4138 magistratus
2326 4083 2487 4134 quidam
2509 4079 2751 4119 constitutus

1466 4153 1516 4193 ad
1538 4155 1724 4204 pecunias
1755 4155 1931 4205 publicas
1957 4152 2212 4201 colligendaS,
2246 4149 2355 4187 velut
2389 4143 2542 4191 ζητηταί
2574 4144 2613 4181 ct
2645 4139 2751 4190 apud

1468 4218 1714 4258 Pellenenses
1734 4218 1918 4269 μάστροι,
1951 4218 1996 4255 ut
2026 4215 2145 4255 tradit
2178 4210 2404 4253 Aristotcles
2425 4208 2463 4246 in
2494 4209 2586 4255 Rep.
2626 4204 2750 4244 Pelle·

1465 4291 1662 4322 nensium,
