3016 4628
57 420 77 428 ..
689 397 706 425 1
722 398 740 426 1
751 417 760 427 .

64 474 78 510 j:
144 455 375 501 Plutarch.
397 455 557 500 Solon.
581 469 622 500 c.
649 451 709 498 25
732 468 742 497 :
771 450 919 514 Ἶσχὺν
937 447 982 496 δὲ
1006 456 1094 503 τοῖς
1119 447 1263 511 νόμοις
1285 454 1367 494 πᾶ-

58 524 146 575 ,.’Ψίν
167 527 225 579 εἷς
248 523 398 572 ἑκατὸν
420 520 636 575 ἐνιαυτοὺς
670 520 824 568 ἔδωκε·
845 519 919 567 καὶ
948 519 1284 585 κατεγράφησαν
1309 521 1367 573 εἷς

67 597 266 650 ἅΞυλίνους
285 595 473 652 ἄξονας’
455 614 498 642 εν
523 592 736 647 πλαισίοις
758 591 1009 657 περιέχουσι
1029 592 1364 658 στρεφομένους’

50 659 184 725 ζῗῦν”
160 687 222 715 ετι
246 669 344 715 καθ’
369 667 521 729 ἡμᾶς’
502 684 544 712 εν
563 663 819 729 Πρυτανείω
843 663 1028 728 λείψανα
1055 661 1190 728 μικρὰ
1212 662 1365 709 διεσώ-

40 742 196 798 ἅττα·
222 738 307 787 καὶ
340 735 765 804 προσηγορεύθησαν,
803 739 859 790 ὡς
894 734 1192 800 Ἀριστοτέλης
1227 735 1364 800 φησὶ,

39 773 292 901 {wiffam
312 808 456 858 Ἔνιοι
473 808 519 856 δέ
538 827 667 874 φασιν
691 807 877 871 ἷδίως,’
857 827 901 855 εν
926 811 991 862 οἱς
1011 806 1105 872 ἱερὰ
1124 806 1198 854 καὶ
1223 806 1365 854 θυσίαι

41 862 345 967 ιἐἦτεριέχονται
368 881 560 967 κύρὸεις,
577 880 727 936 ἄξονας
745 880 792 927 δὲ·
805 878 902 934 τοὺς
927 879 1081 934 ἄλλους
1098 879 1363 943 ὠνομάσθαι.

55 954 249 1005 Eadem
262 957 435 1002 habes'
422 973 472 1001 ιιι
485 956 663 1001 scholio
682 955 843 1000 Aldin.
867 954 927 999 ad
953 956 1093 1000 Arist.
1122 955 1248 999 Nub.
1272 954 1365 1012 478

36 1069 42 1083 ,
71 1045 105 1076 a
137 1031 326 1075 Musuro
372 1029 649 1089 composito,
693 1029 805 1086 Quae
843 1035 1103 1087 sequuntur
1147 1043 1222 1087 ap.
1266 1029 1366 1071 Plu-

38 1128 44 1158 ³.
74 1102 313 1158 turchum,
338 1116 395 1146 ex
419 1099 589 1145 eodem
610 1099 859 1145 Aristotele
883 1100 1050 1159 petita,
1071 1098 1181 1143 vide
1204 1099 1262 1146 fr.
1290 1099 1363 1146 13.

138 1167 1170 1234 Schol.Aristophan.Av.13542K6sttg,
1199 1171 1366 1233 χαλκαῖ

75 1243 242 1298 σανίδεξ
265 1242 364 1291 ἔνθα
390 1242 490 1297 τους
526 1241 680 1305 νόμους
713 1242 944 1307 γράφουσι.
982 1240 1110 1290 Κατὰ
1138 1240 1181 1288 δὲ
1206 1242 1364 1304 ἐνίους,

71 1315 215 1372 ἄξονες
243 1316 474 1382 τρίγωνοι,
495 1318 537 1363 ἐν
571 1307 683 1369 οἷς
654 1333 766 1373 ησαν
786 1317 824 1362 οἱ
853 1333 937 1361 των
961 1314 1127 1362 πόλεων
1152 1313 1273 1378 νόμοι
1297 1334 1367 1379 γε·

17 1438 19 1443 ⁴
40 1387 316 1453 -’γραμμένοι
352 1388 426 1436 καὶ
459 1390 503 1435 αἱ
528 1387 765 1450 δημοσίαι“
754 1386 1006 1453 ιεροποιίαι,
1041 1387 1267 1453 (καθάπερ
1291 1385 1367 1434 καὶ

18 1452 39 1526 ἰ
73 1460 370 1525 Ἀριστοτέλης
403 1462 446 1507 ἐν
470 1464 524 1524 τῇ
558 1463 642 1508 τῶν
680 1459 916 1519 Ἀθηναίων
940 1459 1135 1526 πολιτείᾳ
1160 1460 1264 1526 φησὶ
1291 1459 1367 1508 καὶ

33 1531 38 1579 ἶ
67 1533 424 1599 -Ἀπολλόδωρος·
445 1532 617 1598 κύρὸεις
644 1532 687 1580 δὲ
707 1533 802 1591 ἤτοι
823 1531 944 1598 παρὰ
967 1531 1016 1579 τὸ
1043 1535 1367 1599 κεκορυφῶσθαι

66 1606 133 1659 ἐἷς
154 1601 257 1670 ὕψος
279 1604 592 1667 ἀνατεταμένον
609 1603 636 1662 ἢ
656 1604 741 1651 ἀπὸ
757 1607 841 1652 τῶν
867 1603 1174 1670 Κορυὸάντων·
1195 1604 1365 1652 ἐκείνων

67 1675 156 1742 γὰρ
192 1675 389 1742 εὕρημα,
419 1675 477 1732 ὥς
500 1695 608 1743 φησι
643 1676 921 1743 Θεόφραστος
957 1679 999 1725 ἐν
1024 1680 1085 1742 τῷ
1109 1676 1220 1744 Περὶ
1244 1679 1367 1726 εὗσε-

68 1746 238 1812 Seiae.)

66 1833 70 1839 ·
139 1825 449 1884 Harpocratio
487 1839 535 1871 v.
565 1821 752 1887 Κύρὸεις
791 1838 803 1872 :
842 1820 1142 1889 Ἀριστοτέλης
1169 1824 1206 1870 δ’
1245 1825 1288 1872 ἐν
1311 1827 1365 1890 τῇ

68 1894 308 1952 Ἀθηναίων
338 1894 535 1961 πολιτεία
573 1894 724 1961 φησίν·
755 1917 776 1938 «
816 1894 1161 1964 Ἀναγράψαντες
1188 1895 1231 1943 δὲ
1270 1895 1367 1951 τοὺς

52 1965 222 2029 ,νόμους
237 1968 295 2022 εἷς
315 1966 413 2022 τους
427 1966 644 2033 κύρὸεις”
621 1986 806 2027 εστησαν
829 1969 872 2015 ἓν
889 1971 943 2033 τῇ
962 1976 1070 2036 στοᾷ
1085 1972 1138 2034 τῇ
1166 1968 1364 2048 βασιλεία

33 2082 36 2087 ,
68 2037 288 2104 (βασιλίδι
313 2041 418 2087 οοᾶ.
443 2044 504 2087 D.
532 2052 577 2087 et
598 2041 843 2104 Photius).
878 2062 899 2083 υ

135 2113 286 2174 Vulgo
313 2113 601 2175 distinguunt
619 2116 908 2176 grammatici
929 2116 1053 2161 inter
1073 2112 1224 2170 ἄξονας
1249 2132 1364 2176 qua-

65 2182 346 2246 jssrangulos,
381 2187 550 2246 quibus
586 2188 709 2248 leges
735 2188 939 2248 politicae
965 2189 1061 2234 sive
1107 2189 1263 2234 civiles
1294 2190 1366 2233 in-

62 2258 253 2318 'scriptae
287 2259 400 2316 sint,
434 2268 481 2304 et
503 2255 674 2322 κύρὸεις
704 2261 984 2322 triangulos,
1021 2263 1074 2306 in
1098 2262 1268 2322 quibus
1292 2261 1368 2321 jus

32 2347 34 2349 ’
64 2338 250 2374 sacrum
263 2340 499 2376 exaratum
518 2329 757 2395 (veterum
773 2333 903 2377 locos
922 2334 1144 2379 collectos
1153 2334 1296 2379 habes
1318 2336 1368 2378 in

35 2407 50 2454 ,ζ
71 2397 237 2461 steph.
262 2404 394 2448 Thes
424 2420 469 2451 v.
495 2402 679 2468 Κύρὸις.
699 2405 770 2451 Cf.
794 2405 1156 2465 disputationem
1173 2407 1367 2450 Prelleri

36 2468 134 2540 33'ad
165 2475 410 2522 Polemon.
446 2492 498 2536 p
535 2475 597 2537 89
627 2492 731 2537 sqq.
751 2475 782 2538 ).
808 2479 1050 2538 Ignorasse
1072 2477 1192 2522 hanc
1211 2479 1368 2522 norni-

34 2539 184 2607 filum
216 2547 560 2594 distinctionem
577 2559 743 2610 utpote
764 2551 995 2595 seriorum
1020 2559 1336 2595 commentum
1351 2585 1363 2607 ‚

42 2615 152 2667 ’,5111
184 2634 285 2664 non
311 2621 559 2666 attendisse
589 2622 651 2666 ad
686 2623 783 2667 haec
824 2623 1124 2667 Aristotelem
1163 2639 1222 2667 ex
1257 2623 1365 2667 loco

0 2724 3 2735 ,
40 2677 306 2736 :fPlutarchi
347 2693 595 2753 colligitur.
628 2695 687 2738 In
731 2695 880 2739 schol.
923 2695 1160 2755 Aristoph.
1200 2710 1367 2740 vocem

0 2778 6 2824 ᾗ
47 2760 264 2824 τρίγωνοι
285 2765 413 2809 haud
441 2765 713 2811 mutandam
747 2782 840 2811 esse
865 2782 1052 2811 censeo.
1087 2768 1367 2812 Eratosthe—

0 2833 2 2870 ῗ
69 2848 151 2884 nes
167 2845 356 2896 qu'oque
378 2834 610 2900 τριγώνους
641 2853 747 2883 axes
766 2838 907 2895 dixit,
931 2854 1085 2898 neque
1109 2841 1232 2884 inter
1257 2836 1366 2903 κύρ-

72 2902 160 2958 ὅεις
192 2917 238 2952 01
261 2905 412 2962 ἄξονας
431 2910 643 2954 distinxit
682 2908 785 2971 (ap.
814 2909 973 2957 Schol.
1002 2912 1160 2971 Apoll.
1201 2912 1362 2957 Rhod.

25 2980 155 3037 lv
192 2980 335 3043 280),
379 2998 533 3042 neque
579 2983 884 3028 Polemonem
936 2982 1035 3044 (ap.
1081 2983 1362 3044 Harpocrat.

72 3066 122 3101 v.
133 3047 301 3116 Ἄξονα)
325 3054 581 3100 distinxisse
592 3055 901 3101 demonstrari
915 3065 1086 3116 potest,
1100 3073 1246 3116 quum
1263 3059 1300 3102 is
1316 3059 1366 3102 in

63 3123 127 3171 155
141 3140 240 3184 quae
263 3125 547 3182 referuntur,
564 3127 917 3172 Eratosthenem
927 3143 984 3172 eo
1005 3137 1183 3172 tantum
1202 3144 1364 3189 repre-

64 3192 258 3253 itendit,
286 3198 418 3256 quod
444 3196 540 3252 τους
561 3195 711 3252 ἄξονας
729 3216 828 3244 non
851 3197 1139 3263 τετραγώνους
1161 3201 1243 3246 5οᾶ
1266 3219 1364 3265 τρι-

53 3262 228 3333 ᾑῶνους
246 3265 433 3314 dixerit.

20 3335 109 3423 ’Ξ
136 3341 247 3399 Quae
267 3356 341 3401 ap.
363 3340 521 3388 Schol.
537 3345 676 3391 Arist.
699 3345 829 3389 uncis
847 3345 1171 3402 includuntur,
1192 3346 1358 3391 absunt

140 3496 356 3545 οπομπος,
381 3486 513 3546 quod
530 3490 732 3532 coirexit
753 3489 1006 3535 Ruhnken.
1030 3491 1148 3537 Hist.
1166 3491 1270 3537 crit.
1289 3506 1358 3535 or.

953 282 1437 332 ATHENIENSIUM
1474 283 1879 332 RESPUBLICA.

2634 281 2721 320 109

1445 394 1497 438 p.
1524 377 1612 422 163
1629 378 1704 424 ed.
1726 378 1883 423 Reisk.
1900 394 1912 433 3
1928 392 2035 421 nam
2049 378 2211 422 cadem
2229 394 2252 422 e
2266 380 2581 439 Theophrasto
2596 380 2736 424 refert

1448 451 1678 510 Porphyr.
1699 453 1769 494 De
1794 450 1962 494 abstin.
1987 464 2064 493 an.
2093 464 2144 504 2,
2171 465 2225 491 21
2263 460 2307 492 et
2331 452 2520 494 Photius
2543 455 2580 495 L
2584 468 2654 496 ex.
2686 468 2731 499 v

1449 521 1591 586 Κύρὸε
1599 537 1663 574 tq:
1682 519 1957 584 Θεόφραστος
1974 517 2080 580 δὲ,’
2057 516 2142 564 απὸ
2161 521 2243 563 τῶν
2264 520 2492 582 Κρητικῶν
2512 521 2735 584 Κορυίῖάν-

1446 611 1553 640 των·
1578 596 1662 639 τῶν
1684 591 1767 656 γὰρ
1787 590 2157 655 Κορυὸαντικῶν
2148 592 2269 653 ιερῶν
2289 583 2373 636 οἷον
2400 590 2639 656 ἀντίγραφα
2665 595 2735 638 αὗ-

1446 665 1542 719 τοὺς
1573 670 1699 714 εἰναι.
1737 669 1854 712 Cum
1886 666 1974 709 hac
2006 665 2232 724 opinione
2269 664 2494 720 cohaeret,
2523 676 2576 709 ut
2606 679 2731 711 r·ect‹

1442 749 1603 785 monet
1620 741 1810 784 Preller.
1823 739 1854 786 l.
1878 739 1911 782 l.
1921 772 1933 794 ,
1954 737 2086 796 quod
2102 733 2268 787 σανίδες
2284 738 2377 780 istae
2391 736 2557 798 χαλκαῖ
2572 739 2737 782 dicun-

1443 821 1537 868 tur,
1561 827 1707 870 quum
1732 811 1894 871 ligneae
1913 808 2110 864 fuerint,
2135 809 2208 852 vel
2231 808 2485 852 secundum
2505 810 2633 866 alios,
2655 813 2735 855 sed

1442 882 1594 928 minus
1623 891 1775 940 recte,
1811 881 2021 942 lapideae.

2012 998 2085 1030 11.
2124 997 2166 1028 a.

1509 1089 1682 1134 Gellius
1703 1090 1759 1135 N.
1797 1091 1854 1134 A.
1883 1090 1956 1145 ΙΙ,
1990 1103 2045 1132 12
2073 1104 2083 1132 t
2118 1090 2179 1132 In
2220 1088 2393 1147 legibus
2426 1087 2609 1132 Solonis
2640 1091 2736 1133 illis

1443 1165 1796 1222 antiquissimis,
1839 1177 1943 1221 quoe
1966 1161 2167 1205 Athenis
2189 1162 2355 1205 cuibus
2378 1162 2546 1220 ligneis
2582 1166 2742 1205 iucisoe

1441 1245 1568 1291 sunt,
1598 1251 1802 1295 quasque
1828 1237 1950 1279 latas
1978 1233 2039 1279 ab
2058 1245 2112 1279 eo
2145 1234 2477 1288 Athenienses,
2505 1244 2557 1277 ut
2575 1239 2739 1294 sempi-

1446 1318 1590 1353 ternoe
1612 1319 1866 1362 manerent,
1881 1312 2044 1368 poenis
2062 1317 2110 1352 et
2134 1308 2436 1366 religionibus
2448 1323 2626 1351 sanarer
2625 1319 2728 1362 ant,

1446 1383 1523 1441 leg
1496 1396 1592 1425 o'em
1610 1397 1706 1425 esse
1723 1383 1992 1426 Aristoteles
2011 1378 2160 1437 refert
2168 1385 2388 1440 scriptam
2406 1382 2473 1424 ad
2492 1380 2613 1424 hanc
2635 1397 2740 1424 sen-

1448 1458 1679 1498 tentiam:
1695 1458 1737 1498 si
1758 1455 1816 1499 ob
1834 1455 2111 1499 dIscordiam
2136 1454 2552 1515 dissensionemque
2570 1455 2736 1498 seditio

1443 1535 1581 1585 atque
1603 1527 1819 1571 discessio
1827 1528 1998 1586 populi
2033 1530 2079 1569 in
2105 1526 2223 1570 duas
2234 1528 2571 1586 partesfieret,
2610 1537 2656 1571 et
2673 1525 2730 1570 ob

1443 1613 1546 1642 eam
1578 1613 1765 1642 causam
1787 1602 1980 1642 irritatis
2006 1601 2177 1642 animis
2196 1602 2424 1658 utrimque
2442 1615 2576 1643 arma
2597 1615 2740 1658 cape-
2801 1590 2803 1592 ’

1442 1680 1600 1715 rentur
1609 1681 1994 1732 pugnareturque
2006 1705 2017 1727 ,
2064 1680 2157 1714 tum
2194 1675 2274 1731 qui
2310 1676 2358 1715 in
2381 1687 2433 1715 eo
2455 1682 2654 1732 ternpore
2693 1676 2740 1715 in

1443 1758 1584 1802 eoque
1607 1760 1717 1787 casu
1746 1746 1895 1787 civilis
1925 1744 2192 1798 discordiae,
2237 1759 2328 1788 non
2357 1745 2594 1788 alterutrae
2611 1749 2741 1805 parti

1440 1830 1539 1859 sese
1553 1817 1848 1873 adjunxerit,
1876 1817 1962 1860 sed
1975 1818 2206 1860 solitarius
2224 1827 2551 1878 separatusque
2568 1833 2597 1861 a
2617 1834 2742 1861 com-

1444 1892 1573 1932 muni
1601 1890 1729 1933 malo
1754 1893 1955 1933 civitatis
1979 1893 2239 1943 secesserit,
2286 1894 2326 1933 is
2358 1891 2519 1945 domo,
2538 1891 2728 1950 putria,

1432 1957 1730 2021 fortunisque
1741 1962 1952 2006 omnibus
1967 1972 2121 2006 careto
2140 1978 2155 2004 :
2177 1964 2314 2006 exsul
2331 1967 2611 2023 extorrisque
2627 1974 2737 2009 esto,

1513 2031 1694 2095 [Arist.
1721 2035 1822 2079 Pol.
1848 2035 1911 2078 ΙΙ.
1942 2039 1967 2087 4
1986 2068 1999 2090 ,
2029 2043 2054 2079 4
2082 2051 2092 2078 :
2121 2032 2271 2080 Σόλων
2304 2035 2624 2095 ἐνομοθετησεν,
2660 2035 2746 2097 καὶ,

1451 2103 1553 2169 παρ’
1572 2103 1718 2175 ἄλλοις
1736 2105 1828 2152 ἐστὶ
1846 2105 1995 2168 νόμος,
2021 2103 2064 2160 ὃς
2084 2104 2241 2153 κωλύει
2258 2110 2443 2154 κτᾶσθαι
2467 2110 2546 2169 γῆν
2571 2106 2731 2165 ὁπόσην

1447 2175 1498 2223 ἂν
1521 2175 1723 2241 βούλεταί
1740 2195 1821 2231 τις.
1843 2177 1862 2240 ]

2051 2308 2125 2336 12.

1509 2408 1820 2467 Harpocratio
1857 2424 1867 2452 :
1897 2406 2324 2464 ·Σῒτοςκαλεῖταιὴ
2344 2406 2542 2468 διδομένη
2575 2407 2738 2471 πρόσο-

1445 2479 1512 2532 δος
1540 2480 1599 2531 εἷς
1623 2477 1783 2542 τροφὴν
1819 2485 1914 2532 ταῖς
1944 2477 2134 2542 γυναιξὶν
2170 2476 2198 2536 ἢ
2228 2485 2315 2533 τοῖς
2354 2481 2577 2545 ὀρφανοῖς,
2604 2483 2660 2534 ὡς
2696 2479 2738 2534 ἐξ

1446 2550 1588 2598 ἄλλων
1616 2554 1768 2613 μαθεῖν
1801 2550 1892 2598 ἔστι
1917 2551 1992 2598 καὶ
2018 2555 2066 2599 ἐκ
2088 2556 2162 2599 τοῦ
2199 2552 2395 2606 Σόλωνος
2432 2554 2473 2599 α’
2500 2553 2643 2608 ἄξονος
2665 2554 2739 2601 καὶ

1445 2625 1493 2670 ἐκ
1531 2626 1607 2680 τῆς
1642 2618 1962 2688 Ἀριστοτέλους
2011 2623 2246 2683 Ἀθηναίων
2284 2625 2518 2679 πολιτείας.
2561 2629 2740 2672 Eadem

1443 2698 1650 2742 Photius.
1670 2699 1774 2758 Ipse
1794 2700 2065 2744 Aristoteles
2083 2699 2212 2744 haud
2236 2700 2379 2744 dubie
2404 2701 2528 2761 leges
2552 2702 2740 2746 Solonis

1443 2770 1611 2814 eodem
1636 2771 1804 2815 ordine
1825 2805 1837 2827 ,
1882 2787 1978 2831 quo
2010 2773 2133 2816 inter
2167 2773 2436 2817 columellas
2475 2773 2736 2818 distributae

1444 2851 1574 2886 erant
1594 2877 1606 2899 ,
1633 2844 1684 2886 in
1694 2845 1813 2903 Rep.
1835 2845 2008 2889 Athen.
2031 2854 2340 2891 recensuerat.
2366 2847 2637 2905 Anonymus
2660 2863 2735 2906 ap.

1442 2915 1710 2975 Menagium
1720 2916 1842 2960 inter
1853 2917 2026 2975 scripta
2039 2917 2298 2960 Aristotelis
2310 2927 2518 2962 recenset
2531 2915 2640 2981 Περὶ
2654 2919 2739 2962 τῶν

1444 2984 1640 3034 Σόλωνος
1669 2984 1827 3041 ἀξόνων
1854 2986 1904 3035 ε’.
1928 2990 2204 3048 Perperam,
2225 2999 2362 3049 puto.
2389 2991 2600 3035 Fortasse
2628 2992 2740 3035 Ari-

1442 3060 1596 3104 stoteli
1631 3061 1798 3105 tribuit
1841 3077 1960 3121 opus
2006 3062 2317 3121 Asclepiadis,
2359 3063 2440 3121 qui
2498 3065 2741 3123 scripserat

1441 3128 1620 3184 Ἀξόνων
1648 3131 1880 3194 ἓξηγητικά
1914 3133 2091 3194 (Etym.
2117 3134 2240 3180 Gud.
2277 3150 2326 3194 p.
2371 3133 2491 3191 355,
2528 3133 2638 3199 40),
2664 3138 2739 3180 vel

1439 3203 1648 3263 Didymi,
1669 3205 1798 3264 cujus
1813 3206 2031 3251 laudatur
2045 3203 2157 3268 Περὶ
2174 3207 2259 3252 τῶν
2274 3203 2430 3260 ἀξόνων
2446 3210 2521 3253 τοῦ
2543 3204 2736 3259 Σόλωνος

1441 3273 1681 3340 ἀντιγραφὴ
1725 3275 1831 3341 πρὸς
1882 3276 2205 3335 Ἀσκληπιάδην
2249 3279 2517 3340 (Plutarch.
2575 3282 2734 3326 Solon.

1440 3365 1479 3394 c.
1511 3344 1575 3410 1).
1607 3352 1678 3394 De
1705 3365 1757 3395 re
1791 3351 1849 3397 cf.
1877 3352 2172 3398 Schoemann.
2200 3352 2233 3398 l.
2263 3353 2294 3398 l.
2319 3367 2366 3411 p.
2391 3351 2500 3412 309.
2521 3354 2662 3397 Aliud
2679 3369 2732 3398 ex

28 3412 281 3534 {podice
307 3415 596 3462 Ravennate.
623 3418 717 3461 Pro
741 3414 1056 3480 Θεόφραστος
1042 3434 1093 3461 m
1120 3418 1263 3465 codd.
1295 3429 1362 3464 est
1433 3425 1593 3479 prima
1612 3422 1769 3466 tabula
1789 3423 1974 3467 Solonis
2004 3423 2140 3467 affert
2163 3421 2400 3470 Plutarch.
2414 3425 2508 3469 Sol.
2530 3440 2571 3471 e.
2591 3430 2649 3476 24
2678 3441 2732 3468 ex

1441 3492 1627 3549 eodem,
1647 3496 1873 3554 suspicor,
1890 3496 2156 3545 Aristotele

682 3629 753 3670 11.

75 3692 291 3744 Legibus
304 3694 386 3736 suis
406 3696 592 3737 omnibus
606 3697 727 3738 Solon
745 3698 1054 3738 auctoritatem
1043 3710 1085 3738 in
1100 3699 1262 3739 centum
1279 3710 1365 3739 esse

59 3726 198 3802 Ἰ881105
213 3759 364 3811 voluit,
387 3763 562 3812 suntque
583 3762 784 3813 inscriptae
799 3763 936 3814 ligneis
955 3764 1125 3812 tabulis,
1146 3763 1218 3814 qui
1237 3764 1364 3810 ἄξονες

30 3814 192 3878 ,01011,
209 3822 490 3874 quadrangulis
508 3825 645 3876 ligneis
663 3826 801 3866 inserti
817 3827 1122 3877 convertuntur,
1141 3838 1361 3878 eorumque

38 3884 291 3929 etiamnum
336 3887 515 3938 reliquiae
547 3888 735 3940 quaedam
765 3890 807 3929 in
853 3892 1051 3941 Prytaneo
1092 3893 1361 3931 asservantur.

50 3942 306 4007 ζ;”ᾼι’151010105
335 3954 483 4006 κύρὸεις
511 3955 810 4005 cognominatos
842 3966 926 3996 esse
956 3957 1096 3996 auctor
1115 3958 1221 3997 est...
1254 3959 1363 3997 Non-

39 4014 187 4075 „finili
202 4026 378 4057 seorsum
406 4018 548 4069 cythes
563 4021 728 4059 vocatos
745 4019 907 4070 dicunt,
937 4020 1085 4071 quibus
1104 4021 1363 4060 contineban-

16 4044 145 4139 {3131
161 4080 263 4131 leges
280 4092 483 4124 sacrorum
497 4085 538 4124 et
562 4084 866 4135 sacrificiorum,
885 4087 1036 4126 ceteras
1063 4096 1213 4126 axones
1234 4087 1355 4126 fuisse

20 4140 308 4197 impellam.

133 4211 279 4260 cythes
293 4214 405 4254 erant
422 4214 570 4256 tabulae
592 4226 737 4266 aeneae,
759 4216 905 4267 quibus
930 4217 1034 4266 leges
1058 4216 1360 4266 inscripserunt.

1440 3629 1669 3670 Secundum
1686 3631 1902 3671 nonnullos
1922 3634 2035 3671 erant
2054 3643 2151 3672 axes
2177 3633 2364 3683 trianguli
2376 3663 2388 3682 ,
2410 3633 2452 3672 in
2471 3633 2613 3683 quibus
2632 3635 2729 3672 scri-

1437 3694 1517 3742 ptae
1540 3695 1655 3734 erant
1670 3695 1776 3745 leges
1792 3695 1928 3735 civiles
1946 3697 1987 3735 et
2013 3707 2104 3746 quae
2120 3696 2170 3735 ad
2190 3697 2510 3746 procurationem
2525 3707 2728 3736 sacrorum

1438 3759 1692 3810 publicorum
1709 3760 1909 3811 pertinent
1927 3759 2060 3810 (sicuti
2077 3762 2199 3801 etiam
2215 3762 2444 3802 Aristotcles
2459 3762 2500 3800 in
2514 3762 2727 3801 Athenien-

1435 3823 1540 3865 sium
1559 3834 1642 3873 rep.
1671 3826 1711 3864 et
1734 3824 1994 3874 Apollodorus
2014 3824 2222 3875 tradunt).

1489 3886 1716 3926 Aristoteles
1741 3887 1782 3926 in
1809 3889 1908 3938 Rep.
1931 3887 2231 3927 Atheniensium
2262 3887 2346 3926 ait:
2371 3889 2493 3936 Leges
2515 3885 2725 3936 inscripse-

1438 3951 1532 3989 runt
1547 3950 1757 4000 cyrbibus,
1775 3962 1878 4001 quos
1901 3951 2149 3990 collocarunt
2167 3950 2207 3990 in
2231 3950 2386 4000 porticu
2410 3948 2530 3998 regia.

1489 4087 1597 4130 Σῖτος
1626 4087 1794 4125 vocatur
1825 4086 1976 4126 reditus
2002 4086 2073 4135 qui
2099 4084 2152 4124 ad
2178 4084 2370 4123 alimenta
2401 4081 2634 4121 mulieribus
2659 4085 2721 4123 vel

1437 4149 1597 4200 pupillis
1618 4149 1836 4199 praebetur,
1866 4149 1975 4199 quod
2000 4150 2088 4187 tum
2109 4159 2159 4187 ex
2189 4147 2276 4186 aliis
2302 4146 2453 4185 discere
2480 4147 2537 4184 est
2566 4147 2651 4185 tum
2669 4158 2720 4188 cx

1438 4215 1566 4265 primo
1582 4225 1657 4254 axe
1678 4214 1832 4255 Solonis
1849 4216 1887 4253 et
1908 4224 1958 4252 ex
1977 4212 2187 4252 Aristotele
2210 4212 2250 4249 in
2272 4213 2368 4260 Rep.
2389 4210 2527 4250 Athen.
