3016 4628
790 432 1558 546 PHANIASF
1482 440 2087 550 ERESIUS.

55 1052 117 1139 ff'3·
195 1066 360 1113 Strabo
395 1067 533 1123 XIII,
572 1080 620 1125 p.
656 1064 797 1112 618:
837 1062 915 1119 Ἐξ
949 1061 1128 1129 Ἐρέσου
1161 1056 1272 1122 ἦσαν
1308 1064 1418 1114 Θεό-

45 1109 89 1151 Τ
86 1135 318 1203 φραστός
341 1155 387 1183 τε
407 1134 481 1183 καὶ
502 1134 698 1194 Φανίας,
718 1137 799 1183 οἷ’
779 1155 828 1183 εκ
851 1155 936 1183 των
963 1134 1213 1198 περιπάτων
1243 1137 1418 1202 φιλόσο-

66 1202 227 1276 *fmffot
251 1207 567 1274 Ἀριστοτέλους
590 1208 812 1273 γνώριμοι.

24 1339 25 1343 ,
46 1257 95 1342 Α,
150 1286 152 1290 ’
199 1283 398 1330 Suidas:
426 1279 644 1335 Φανίας
620 1301 648 1338 η
675 1280 861 1335 Φαινίας
880 1280 1133 1345 Ἐρέσιος(
1138 1281 1168 1346 ),
1196 1280 1421 1346 φιλόσοφος

71 1346 79 1414 ,Α
131 1352 493 1441 περιπατητικὸς,
517 1351 833 1442 Ἀριστοτέλους
852 1353 1062 1415 μαθητής.
1080 1346 1170 1402 ῗΗν
1193 1355 1229 1400 δ’
1254 1373 1325 1401 επι
1344 1373 1420 1412 της

22 1415 24 1491 3
69 1436 83 1444 ·“
133 1423 215 1489 ρια’
245 1425 540 1487 Ὀλυμπιάδος
574 1425 648 1473 καὶ
684 1425 916 1489 μετέπειτα
951 1425 1018 1473 ἐπ’
1046 1425 1318 1491 Ἀλεξάνδρου
1344 1430 1418 1473 τοῦ

22 1503 23 1511 ’
64 1547 66 1549 .
131 1497 392 1551 Μακεδόνος.
434 1501 621 1545 Sincera
661 1501 864 1545 nominis
903 1500 1056 1546 forma
1105 1510 1172 1546 est
1221 1497 1418 1557 Φανίας,

64 1603 68 1611 .
133 1569 270 1630 cujus
284 1572 498 1615 solemnis
511 1572 561 1615 in
578 1572 717 1619 codd.
741 1574 937 1618 varietas
961 1570 1175 1633 Φαινίας,
1191 1582 1418 1633 praeterea

132 1656 307 1686 nomen
329 1644 565 1703 scriptoris
579 1645 691 1688 abiit
710 1646 760 1688 in
781 1644 934 1701 Φάνης
953 1655 1000 1690 et
1018 1642 1186 1700 Φανίης
1202 1680 1215 1706 ,
1229 1645 1288 1690 de
1312 1647 1417 1705 qui-

131 1711 218 1756 bus
242 1715 414 1758 multus
441 1723 508 1759 est
527 1716 686 1759 Ebert.
710 1717 760 1759 in
777 1717 896 1761 Diss.
921 1718 1014 1762 Sic.
1040 1733 1090 1777 p.
1120 1734 1178 1775 77
1203 1732 1275 1776 sq

1496 1068 1743 1113 Boeckhius
1769 1068 1844 1130 (ad
1858 1068 2022 1114 Marm.
2047 1072 2152 1117 Par.
2177 1072 2224 1115 in
2243 1073 2295 1119 C.
2318 1075 2463 1119 Inscr.
2488 1078 2559 1133 11,
2585 1094 2632 1138 p.
2652 1080 2782 1142 305).

1497 1140 1637 1197 Quod
1673 1142 1881 1200 quamvis
1903 1157 1958 1187 ex
1982 1158 2078 1188 uno
2125 1144 2255 1204 quod
2289 1157 2494 1206 superest
2526 1149 2783 1212 fragmento

1499 1212 1807 1259 demonstrari
1830 1230 1928 1259 non
1949 1217 2122 1274 possit,
2158 1218 2276 1270 nihil
2299 1226 2479 1276 tamen,
2517 1224 2629 1280 quin
2663 1235 2786 1270 recte

1494 1285 1558 1330 ita
1587 1294 1835 1343 statuatur,
1870 1287 2099 1360 impedire
2120 1289 2335 1347 videtur3
2367 1295 2621 1350 praesertim
2645 1311 2788 1355 quum

1499 1371 1558 1400 ex
1581 1359 1679 1402 aliis
1698 1359 1813 1402 locis
1834 1356 1909 1419 (fr.
1938 1375 1983 1404 2.
2009 1359 2052 1405 3.
2080 1358 2124 1422 5)
2145 1362 2432 1422 intelligatur
2449 1366 2646 1414 multum
2664 1369 2787 1413 Pha-

1497 1430 1622 1473 niam
1645 1430 1706 1474 ad
1727 1438 1939 1490 tempora
1962 1447 2120 1476 rerum
2143 1444 2357 1480 accurate
2380 1439 2701 1485 constituenda
2722 1452 2789 1485 at-

1495 1501 1710 1548 tendisse.
1730 1503 1892 1562 Neque
1907 1518 2020 1548 vero
2037 1519 2091 1549 ea
2107 1520 2209 1564 quae
2221 1506 2280 1550 de
2300 1507 2483 1553 Solonis
2504 1514 2790 1571 temporibus

1497 1587 1554 1616 ex
1576 1574 1854 1618 archontum
1873 1577 2138 1621 Atticorum
2152 1578 2268 1622 serie
2286 1581 2544 1625 constitutis
2563 1581 2634 1642 (fr.
2657 1583 2700 1628 3.
2724 1584 2785 1645 5.)

1495 1643 1778 1701 afferuntur,
1813 1661 1870 1690 ex
1901 1648 1990 1691 isto
2018 1645 2130 1711 Περὶ
2159 1647 2407 1712 πρυτάνεων
2440 1668 2582 1712 opere
2608 1653 2789 1702 fluxisse

1494 1719 1769 1774 putaverim.
1800 1720 1925 1764 Fieri
1954 1734 2061 1765 sane
2092 1723 2270 1781 potuit„
2293 1733 2347 1767 ut
2375 1724 2569 1770 Phanias
2600 1729 2789 1773 Lesbios

1493 1790 1654 1848 patriae
1684 1792 1974 1851 magistratus
1998 1809 2106 1837 cum
2129 1795 2429 1841 archontibus
2457 1799 2621 1843 Atticis
2657 1816 2787 1844 com-

1494 1871 1716 1918 poneret,
1737 1871 1938 1908 attamen
1956 1866 2146 1910 minime
2164 1867 2411 1925 probabile
2428 1877 2493 1914 est
2506 1886 2786 1931 quemquam

1495 1933 1803 1993 Theophrasti
1826 1944 1956 1980 aetate
1978 1937 2329 1986 Atheniensium
2348 1939 2589 1990 historiam
2617 1959 2783 1989 secun-

1495 2004 1608 2048 dum
1625 2007 1791 2050 seriem
1805 2016 2056 2067 prytanum
2078 2010 2344 2054 Eresiorum
2372 2012 2618 2059 adornasse
2652 2016 2787 2061 inde-

195 1794 328 1838 Libri
340 1795 541 1851 Phaniae,
557 1791 707 1856 ἀνδρὸς
722 1792 951 1858 φιλοσόφου
964 1793 1038 1840 καὶ
1049 1793 1322 1863 γραμμάτων
1341 1794 1419 1841 οὐκ

38 1862 90 1915 ’ζ’»ἶ
132 1862 309 1929 ἀπείρου
322 1866 549 1929 ἱστορικῶν
566 1864 812 1927 (Plutarch.
827 1883 871 1914 v.
886 1867 948 1914 fr.
969 1867 1045 1930 8),
1065 1877 1416 1913 memorantur:

200 1961 244 1993 1.
282 1945 391 2010 Περὶ
415 1943 662 2009 πρυτάνεων
683 1944 906 2008 Ἐρεσίων,
925 1947 984 1992 fr.
1020 1964 1061 1992 1.

195 2033 241 2063 2.
281 2015 389 2080 Περὶ
411 2019 496 2063 τῶν
517 2018 561 2063 ἐν
583 2016 763 2082 Σικελίᾳ
783 2012 1014 2083 τυράννων,
1027 2020 1094 2082 3fr.
1129 2021 1334 2067 12—13.

198 2089 243 2135 3.
282 2086 514 2152 Τυράννων
536 2088 750 2155 ἀναίρεσις
773 2083 1083 2156 ἔχ’τιμωρίας,
1115 2093 1172 2138 fr.
1212 2093 1416 2146 14—16.

196 2168 240 2217 4.
278 2159 391 2226 Περὶ
411 2164 617 2220 ποιητῶν,
637 2163 694 2208 fr.
726 2165 934 2221 17—18.

1495 2092 1586 2136 que
1610 2078 1719 2122 libri
1735 2080 1919 2138 petiisse
1943 2081 2307 2141 inscriptionem.
2328 2085 2482 2142 Quare
2499 2101 2600 2144 quae
2622 2077 2797 2148 legun-⁸

1495 2159 1571 2194 tur
1617 2151 1783 2212 fragm.
1843 2151 1963 2196 3-1
1978 2169 1997 2197 1
2014 2187 2027 2210 ,
2083 2169 2141 2198 ex
2184 2170 2327 2214 opere
2365 2157 2588 2203 historico
2603 2193 2616 2215 ‚
2657 2160 2787 2218 cujus

196 2232 243 2282 5.
281 2232 398 2297 Πρὸς
419 2231 515 2287 τοὺς
538 2232 766 2298 σοφιστάς,
788 2236 846 2281 fr.
880 2253 952 2297 19.
1496 2223 1683 2266 titulum
1723 2240 1848 2268 nunc
1877 2226 2166 2285 ignoramus,
2187 2227 2466 2288 deprompta
2490 2245 2583 2275 esse
2607 2247 2784 2277 censeo.

194 2306 241 2354 6.
278 2303 390 2370 Περὶ
410 2307 495 2352 τῶν
516 2307 825 2370 Σωκρατικῶν,
845 2308 901 2353 fr.
927 2325 1135 2355 20—21.
1558 2296 1630 2338 De
1667 2310 1811 2354 opere
1848 2294 2079 2358 Τυράννων
2123 2295 2337 2361 ἀναίρεσις
2375 2300 2423 2344 ἐκ
2463 2300 2670 2364 τιμωρίας
2707 2305 2780 2348 in-

197 2395 242 2437 7·
282 2377 399 2442 Πρὸς
422 2378 634 2442 Διόδωρον
665 2377 1051 2444 (philosophica),
1074 2382 1132 2426 fn
1159 2388 1236 2435 24.
1493 2365 1665 2426 scripto
1682 2367 1841 2414 Ebert.
1861 2385 1873 2412 ε
1890 2388 1909 2409 «
1926 2366 2076 2426 Verte,
2091 2371 2168 2426 ait,
2186 2373 2223 2414 T
2225 2386 2516 2431 yrannorum
2530 2376 2701 2420 occisio
2713 2392 2780 2421 su·

195 2449 240 2498 8.
281 2450 355 2512 (Οἱ
376 2448 567 2512 μαθηταὶ
588 2451 718 2496 αὐτοῦ
735 2486 749 2512 ,
767 2467 831 2497 sc.
857 2450 1170 2514 Ἀριστοτέλους
1184 2488 1197 2511 ,
1219 2452 1419 2515 Εὔδημος
1493 2439 1674 2482 mendae
1697 2439 1756 2483 de
1775 2440 1830 2484 iis
1850 2440 2065 2522 Vin-dffcfae
2087 2444 2238 2502 gratia
2256 2444 2350 2491 Sive
2374 2444 2434 2488 ad
2452 2445 2780 2504 ulciscendam,

64 2548 66 2551 .
108 2518 203 2568 ,καὶ
223 2520 393 2576 Φανίας
410 2540 485 2568 χαι
503 2523 568 2570 ΘΞ
549 2520 780 2587 όφραστρς
795 2558 809 2584 3
832 2521 944 2570 κατὰ
967 2525 1092 2581 ζῆλον
1117 2528 1191 2571 τοῦ
1213 2525 1419 2573 maon&-
1494 2525 1595 2568 quae
1617 2519 1805 2570 accepta
1824 2521 1944 2568 erat,
1964 2515 2180 2571 injuriam
2203 2515 2336 2560 facta.
2360 2515 2582 2561 Consulto
2599 2518 2783 2563 Phaniae

67 2595 76 2658 3
127 2591 204 2638 λου
227 2612 527 2658 γεγραφηχασι
550 2595 705 2657 Κατηγ
708 2593 825 2660 ορίας
841 2593 916 2641 καὶ
938 2594 1049 2660 ssepi.
1081 2595 1310 2660 ἑρμηνείας
1341 2597 1417 2644 καὶ
1492 2583 1556 2626 ita
1577 2584 2013 2644 conceptumfuisse
2038 2587 2220 2630 titulum
2241 2587 2466 2645 arbitror,
2494 2604 2553 2637 ne
2577 2605 2782 2649 quacun·

127 2661 420 2722 Ἀναλυτικήν.
447 2669 755 2712 Ammonius·
742 2684 793 2712 ,n
814 2666 953 2713 ΛΡΜ.
978 2670 1131 2730 cate&
1153 2685 1202 2730 p-
1231 2668 1292 2733 5.)
1494 2669 1584 2712 que
1613 2655 1671 2699 de
1695 2671 1833 2701 causa
1866 2657 2131 2702 obtruncati
2153 2659 2232 2703 hic
2257 2661 2440 2718 tyranni
2482 2664 2781 2720 quaeritaren-

196 2755 244 2799 9·
284 2736 395 2802 Περὶ
419 2740 576 2804 φυτῶν,
601 2740 659 2787 fr.
684 2745 893 2797 27-40.
1495 2734 1587 2782 tur,
1613 2727 1695 2770 sed
1723 2730 1803 2787 qui
1828 2725 1988 2792 ὕὸρεως
2012 2745 2173 2790 poenas
2202 2730 2459 2788 dedissent,
2487 2748 2782 2794 quorumque

1494 2798 1696 2843 caedibus
1709 2801 1860 2845 minus
1874 2802 2097 2854 mutanda
2110 2803 2305 2848 civitatis
2316 2803 2468 2848 forma
2480 2839 2494 2861 ,
2512 2821 2649 2865 quam
2666 2808 2781 2852 ultio

1493 2871 1655 2930 iraque
1673 2873 1905 2931 explenda
1924 2883 2137 2933 spectatae
2163 2874 2377 2932 fuissent,
2405 2892 2687 2937 quamquam
2709 2882 2782 2925 vel

1493 2941 1815 3000 hujuscemodi
1847 2946 1983 2994 caedis
2011 2946 2286 3006 pedissequa
2316 2963 2436 3008 saepe
2457 2949 2598 2994 fuerit
2623 2967 2781 2996 rerum

1493 3018 1707 3065 mutatio.
1735 3020 1842 3064 Fuit
1863 3034 1994 3074 sane,
2027 3029 2081 3063 ut
2111 3020 2249 3065 docet
2273 3023 2594 3082 exemplorum
2623 3027 2781 3069 multi-

1494 3089 1636 3147 tudo,
1664 3099 1710 3135 at
1728 3106 1826 3142 non
1846 3100 1983 3151 caput
2011 3101 2056 3136 et
2077 3108 2170 3137 una
2199 3095 2390 3138 materia
2423 3096 2654 3155 scripturo
2677 3097 2780 3145 fuit.

1493 3162 1550 3206 Id
1567 3161 1797 3220 judicium
1826 3165 1990 3208 nititur
2019 3164 2111 3209 hoc
2139 3166 2398 3211 Aristotelis
2415 3168 2522 3212 loco
2546 3167 2702 3229 (Polit.
2721 3171 2777 3223 V,

1495 3233 1540 3289 8,
1562 3232 1608 3296 9)
1640 3251 1650 3279 :
1679 3236 1779 3282 Τῶν
1805 3232 2033 3280 ἐπιθέσεων
2060 3236 2103 3281 αἱ
2130 3233 2208 3297 μὲν
2243 3235 2314 3282 ἐπὶ
2343 3238 2392 3283 τὸ
2430 3240 2558 3300 σῶμα
2591 3238 2778 3302 γίνονται
2821 3276 2828 3286 .

1493 3306 1577 3351 τῶν
1608 3306 1842 3370 ἀρχόντων,
1879 3308 1923 3352 αἱ
1955 3307 1992 3353 δ’
2028 3305 2100 3354 ἐπὶ
2133 3306 2211 3364 τὴν
2242 3307 2396 3373 ἀρχήν.
2430 3312 2489 3358 Αἵ
2522 3308 2599 3372 μὲν
2627 3303 2697 3357 οὖν
2726 3313 2778 3357 δι’

1494 3374 1614 3440 ὕὸριν
1643 3377 1713 3424 ἐπὶ
1733 3379 1781 3425 τὸ
1805 3380 1934 3439 σῶμα
1950 3397 1959 3408 ·
1985 3381 2060 3436 τῆς
2079 3377 2124 3425 δὲ
2143 3378 2306 3444 ῧὸρεως
2336 3379 2465 3439 οὔσης
2496 3383 2776 3446 πολυμεροῦς,

1493 3446 1673 3496 ἕκαστον
1693 3451 1832 3496 αὐτῶν
1864 3448 1998 3496 αἴτιον
2015 3449 2177 3513 γίνεται
2193 3454 2268 3509 τῆς
2292 3454 2440 3517 ὀργῆς·
2456 3456 2538 3500 τῶν
2560 3454 2597 3503 δ’
2615 3454 2776 3517 ὃργιζο·

1341 3507 1458 4302 3
1494 3519 1633 3582 μένων
1660 3521 1812 3586 σχεδὸν
1831 3523 2080 3570 οἱπλεῖστοι
2104 3523 2314 3586 τιμωρίας
2338 3523 2463 3590 χάριν
2490 3525 2773 3586 ἐπιτίθενται,

0 2796 4 2873 ἶ
64 2804 85 2883 f
196 2826 324 2884 Opus
339 2824 410 2872 De
421 2827 688 2870 Eresiorum
707 2827 984 2886 Prytanibus
996 2827 1129 2872 fuisse
1146 2829 1419 2874 chronicum

27 2891 87 2965 fp-3j
127 2897 337 2942 similiter
366 2913 419 2942 ac
457 2899 682 2943 Charonis
716 2897 955 2960 Πρυτάνεις
984 2895 1011 2954 ἢ
1046 2897 1248 2962 ἄρχοντες
1275 2902 1418 2948 Λακε-

127 2969 358 3031 δαιμονίων
397 2980 584 3015 censent
623 2971 822 3015 Ebertus
866 2970 1009 3032 (Diss.
1047 2974 1137 3018 Sic.
1175 2989 1226 3033 p.
1265 2974 1342 3036 86)
1373 2984 1419 3019 et

142 3134 150 3140 ¹
178 3089 232 3141 (¹⁸)
252 3090 412 3131 Phaniae
428 3090 615 3141 reliquias
630 3091 786 3141 collegit
796 3090 960 3141 Voisin.‚
982 3092 1172 3132 Diatribe
1185 3093 1235 3133 de
1246 3094 1419 3136 Phania

127 3149 932 3191 Bresio.Gandav.1824.Gs.Ehert.Sic
946 3160 986 3200 p.
1002 3154 1074 3200 763
1098 3152 1233 3191 Plehn.
1251 3153 1365 3192 Lesb.
1376 3164 1415 3203 p.

24 3202 26 3205 ’
129 3209 224 3255 215;
246 3206 592 3256 Boecki1.c.1.11‚
611 3218 650 3257 p.
667 3207 1110 3258 304.D1stmguend1ab
1127 3210 1417 3251 Eresio:Pha-

17 3267 89 3362 tl:
131 3265 255 3313 nias,
271 3263 529 3303 Atheniensis
539 3266 584 3303 ut
597 3264 750 3303 videtur
754 3265 1066 3316 ,navarchusap
1075 3268 1304 3317 Xenophon.
1317 3268 1417 3308 Hell.

75 3323 179 3388 gv,
190 3327 219 3374 I,
228 3330 276 3364 26
286 3325 572 3375 (nb11n3codd
582 3326 776 3376 Φαινίας).
787 3329 902 3366 Hunc
911 3327 1149 3368 intellexerit
1160 3331 1416 3380 Harpocrat.:

76 3383 288 3431 Φανίας,
305 3383 427 3433 ὄνομα
443 3397 588 3431 κυριον,
603 3387 679 3423 τῶν
697 3385 1037 3435 ἐστρατηγηκότων
1064 3400 1135 3431 τις.
1161 3387 1220 3426 Ad
1235 3387 1419 3427 eundem-

98 3446 206 3489 que
222 3439 425 3479 referenda
439 3439 597 3479 videtur
615 3441 740 3480 oratio
756 3442 910 3491 Lysiae
896 3443 989 3492 υπὲρ
1006 3443 1154 3482 Φανίου
1167 3445 1414 3495 παρανόμων,

14 3489 34 3538 ;
67 3523 81 3550 ,3
99 3499 239 3548 Ιι“ιι;ιι,ῇιιις
253 3497 431 3537 meminit
447 3498 658 3538 Athenaeus
678 3501 755 3538 XII
766 3529 778 3549 ,
795 3510 836 3549 p.
856 3505 951 3548 551,
977 3502 1023 3545 D,
1041 3501 1102 3540 cf.
1125 3501 1337 3542 Hoelscher.
1359 3506 1418 3543 De

71 3547 91 3581 :¹
126 3554 196 3595 vit.
211 3557 251 3595 et
273 3555 408 3606 script.
427 3556 554 3606 Lysiae
574 3557 766 3606 (Berolin.
791 3560 885 3597 1837
900 3558 912 3607 )
928 3569 968 3608 p.
995 3562 1068 3599 176
1085 3569 1141 3608 sq.
1155 3580 1206 3596 -,-
1224 3560 1416 3601 Phanias

50 3602 91 3655 ''ff-³
128 3612 288 3662 quidam
300 3613 374 3653 sub
389 3610 582 3654 Antiocho
595 3614 678 3664 illo,
691 3614 760 3664 qui
774 3615 1026 3666 philosophos
1038 3627 1156 3666 regno
1168 3627 1240 3655 suo
1251 3619 1417 3667 expulit,

10 3665 94 3726 fs.-
126 3679 188 3721 ap.
220 3671 361 3711 Athen.
397 3674 498 3722 XII,
531 3683 573 3722 p.
600 3676 699 3723 547,
728 3676 761 3712 A
791 3673 865 3722 (cf.
899 3674 1117 3724 Schweigh.
1148 3675 1188 3714 in
1218 3675 1352 3715 Indice
1381 3688 1414 3716 s.

15 3720 222 3779 :fifh-v.
237 3730 262 3776 ).
281 3749 335 3758 -
351 3729 575 3780 Phanias,
593 3733 717 3781 Appii
744 3731 897 3771 Pulc-ri
928 3731 1123 3782 libertus,
1143 3743 1206 3782 ap.
1230 3733 1315 3772 Cic.
1339 3736 1412 3784 Ep.

12 3784 23 3821 2'
126 3784 179 3830 ad
197 3786 286 3826 Div.
307 3789 341 3826 ΙΙ
355 3816 368 3837 ,
389 3792 433 3827 13
446 3801 458 3837 ;
483 3790 560 3837 III,
588 3792 624 3828 1.
640 3810 693 3818 —
712 3789 922 3838 Phanias,
948 3789 1126 3829 medicus
1141 3789 1245 3828 haud
1270 3790 1412 3840 dubIe,

8 3838 86 3882 Τ.’
126 3851 191 3893 ap.
207 3843 346 3884 Galen.
363 3845 442 3884 vol.
459 3847 577 3895 lI,p.
603 3849 700 3894 795,
718 3848 767 3889 G.
791 3848 992 3892 Quaeritur
1011 3859 1109 3886 num
1125 3847 1176 3886 ab
1205 3848 1338 3887 Eresio
1360 3848 1415 3888 di·

80 3906 95 3935 ³⁴
125 3908 262 3940 versus
282 3900 334 3940 sit
351 3901 545 3942 Phanias
562 3903 787 3968 Physicus,
805 3903 855 3943 de
870 3915 950 3954 quo
973 3905 1120 3944 Plinius
1139 3908 1187 3945 H.
1209 3908 1257 3944 N.
1277 3909 1412 3956 XXII,

19 3955 102 4043 3³.»
127 3965 165 3996 c.
179 3961 254 3998 13·
273 3959 472 3999 Condidit
493 3960 643 4001 laudes
659 3962 749 4010 ejus
767 3962 955 4013 (urticae)
970 3963 1164 4003 Phanias
1182 3965 1412 4014 Physicns3

77 4014 400 4057 utilissimam
415 4018 519 4058 cibis
529 4022 690 4058 coctam
699 4019 963 4060 conditamve
971 4032 1026 4070 pr
1027 4021 1208 4070 ofessus,
1222 4033 1274 4062 ar
1280 4025 1412 4071 terice,

86 4073 260 4124 tussi
274 4076 435 4114 ventris
460 4075 763 4125 destillationi,
780 4077 1015 4126 stomacho,
1032 4081 1184 4128 panis,
1197 4079 1413 4129 parotidi-

90 4128 219 4179 bus,
227 4102 304 4172 e’tc.
323 4135 423 4179 Quae
435 4144 509 4173 ms¹
521 4133 662 4173 medici
672 4136 779 4184 sunt
792 4135 865 4184 legi
875 4136 955 4176 inl·
958 4147 1044 4176 resu
1065 4139 1288 4188 Περὶφυτῶν
1298 4148 1414 4187 opere

8 4178 99 4243 ᾗ.
127 4189 351 4242 potuerunt.
372 4210 426 4219 —
457 4190 732 4244 Theophrasti
757 4190 807 4230 ad
832 4191 1020 4231 Phaniam
1036 4194 1219 4242 epiStolas
1238 4204 1413 4233 comme-

7 4243 98 4309 jh-
119 4244 282 4286 morant
297 4246 487 4297 Diogenes
508 4250 551 4288 I...
569 4250 626 4296 V,
643 4251 690 4287 37
705 4250 746 4287 et
761 4248 884 4288 schol.
908 4250 1030 4300 Apoll.
1051 4250 1176 4290 Rhod.
1173 4253 1240 4306 I,
1262 4255 1334 4291 972

1492 3593 1587 3638 ἀλλ’
1627 3594 1719 3657 οὐχ’
1757 3596 1984 3658 ὑπεροχῆς.
2009 3598 2112 3640 Jam
2145 3598 2212 3641 ibi
2242 3609 2501 3657 sequuntur
2528 3602 2774 3659 propositae

1492 3668 1700 3725 exempla
1718 3669 1953 3712 sententiae
1965 3703 1977 3724 ,
1997 3669 2280 3714 Harmodius
2295 3679 2342 3713 et
2359 3671 2610 3729 Aristogito
2627 3704 2639 3724 ,
2659 3686 2774 3714 ama·

1490 3739 1580 3782 sius
1595 3740 1672 3783 ille
1694 3739 1912 3799 idemque
1928 3741 2201 3785 interfector
2221 3742 2461 3786 Periandri
2478 3750 2564 3786 etc.
2591 3741 2648 3784 cf.
2673 3743 2774 3785 Plu-

1491 3811 1634 3856 tarch.
1656 3800 1774 3856 Mor.
1799 3827 1849 3871 p.
1880 3812 1993 3869 760,
2018 3815 2079 3870 B;
2107 3813 2227 3870 768,
2249 3815 2301 3858 F.
2330 3834 2349 3852 »

1554 3884 1624 3927 De
1641 3884 1832 3942 reliquis
1851 3885 2034 3928 Phaniae
2058 3886 2238 3944 scriptis
2259 3884 2470 3943 pluribus
2489 3883 2536 3925 h.
2565 3881 2596 3925 l.
2624 3898 2770 3941 expo—

1489 3969 1600 3997 nere
1649 3971 1802 4014 operae
1855 3956 1933 3999 vix
1967 3957 2187 4014 pretium.
2231 3957 2338 4000 Non
2381 3954 2769 4013 praetermittenda

1488 4039 1599 4068 vero
1612 4027 1834 4070 sententia
1848 4027 2055 4070 Boeckhii
2078 4029 2110 4074 l.
2134 4029 2187 4082 l.‚
2207 4028 2287 4085 qui
2310 4033 2541 4070 auctorem
2552 4025 2766 4069 Chronici

1487 4097 1737 4141 Marmorei
1772 4113 1869 4156 prae
1914 4099 2076 4142 ceteris
2117 4099 2258 4142 libros
2306 4097 2547 4140 historicos
2587 4097 2767 4151 Phania}

1488 4170 1633 4212 nostri
1653 4169 1912 4218 adhibuisse
1927 4172 2196 4228 suspicatur.
2213 4169 2362 4212 Verba
2380 4169 2583 4212 Boeckhii
2599 4171 2766 4212 exscri-

1488 4242 1555 4300 psi
1580 4242 1627 4294 in
1654 4243 1831 4287 Introd.
1860 4243 1915 4286 ad
1944 4245 2002 4285 M.
2031 4244 2128 4287 Par.
2158 4257 2202 4301 p.
2232 4238 2338 4302 537.
