3016 4628
911 294 1393 345 ATHENlENSlUM
1461 295 1853 362 RESPUBLICA.

670 406 746 452 53.

11 468 59 538 l
136 507 478 567 Harpocration
520 520 529 547 ε
569 496 839 562 Λογισταὶ
877 495 965 543 καὶ
1003 492 1348 558 λογιστήρια,

36 612 39 614 -
70 577 186 644 ἀρχή
205 596 267 631 τις
286 578 390 640 παρ’
411 572 640 630 Ἀθηναίοις
662 569 772 618 οὕτω
794 566 1036 628 καλουμένη
1051 586 1061 596 ·
1091 565 1172 613 εἰσὶ
1206 564 1250 612 δὲ
1277 563 1348 611 τὸν

71 648 248 716 ἀριθμὸν
265 648 310 708 ι’,
328 647 370 695 οἳ
390 646 466 699 τὰς
485 643 657 697 εὐθύνας
672 644 758 688 τῶν
773 638 1048 705 διῳκημένων
1064 636 1350 701 ἐκλογίζονται

71 720 119 768 ἰν
130 719 311 783 ἡμέραις
331 717 389 776 λ’,
413 715 512 764 ὅταν
545 714 621 768 τὰς
643 711 778 778 ἀρχὰς
802 713 1045 758 ἀποθῶνται
1065 712 1103 757 οἱ
1125 709 1349 775 ἄρχοντες·

71 790 346 851 Δημοσθένης
368 790 409 842 ἐν
432 790 492 848 τῷ
511 784 619 850 ὑπὲρ
646 785 950 848 Κτησιφῶντος
976 783 989 844 (
1011 783 1038 843 S
1071 799 1089 827 1
1103 782 1206 844 17).
1237 779 1350 828 Διεί-

33 864 37 866 ’
71 862 221 908 λεκται
244 859 342 924 περὶ
359 856 515 906 τούτων
535 853 831 921 Ἀριστοτέλης
855 856 898 902 ἐν
932 856 986 918 τῇ
1012 852 1243 910 Ἀθηναίων
1270 871 1350 900 πο·

45 930 52 935 '
75 931 245 997 λιτείᾳ,,
262 930 359 979 ἔνθα
386 929 599 976 δείκνυται
626 925 690 974 ὅτι
721 926 966 992 διαφέρουσι
993 928 1078 972 τῶν
1114 927 1350 973 εὐθυνῶν...

78 1001 344 1066 Λογιστήρια
365 1001 400 1048 δ’
426 1000 516 1048 ἐστὶ
538 1000 592 1047 τὰ
622 1002 706 1046 τῶν
737 1001 944 1062 λογιστῶν
973 999 1146 1062 ἀρχεῖα,
1168 999 1224 1051 ὡς
1248 997 1352 1045 Δεί-

30 1086 31 1089 ’
73 1092 228 1140 ναρχος
247 1077 289 1122 ἐν
302 1076 363 1138 τῷ
387 1071 498 1120 κατὰ
517 1075 558 1121 Τ
562 1069 817 1136 ιμοκροίτους
843 1070 916 1118 καὶ
939 1069 1195 1126 Ἀνδοκίδης
1221 1071 1262 1116 ἐν
1287 1072 1348 1134 τῷ

30 1184 37 1198 .
73 1147 271 1213 περὶτῶν
297 1146 542 1210 μυστηρίων
571 1145 621 1207 (S
641 1146 698 1202 37
723 1144 756 1206 ).

82 1259 89 1268 ,
137 1221 352 1266 Diversos
373 1219 430 1263 ab
449 1219 658 1278 euthynis
681 1217 816 1261 fuisse
838 1216 1024 1276 logistas
1034 1215 1126 1259 hoc
1147 1230 1244 1259 uno
1267 1223 1354 1260 tra-

76 1284 203 1339 ditur
230 1293 336 1337 loco
369 1287 752 1350 Harpocrationis
783 1290 858 1332 vel
894 1288 1166 1334 Aristotelis.
1200 1289 1353 1345 Quare

73 1365 130 1412 G.
156 1367 448 1410 Hermannus
469 1363 482 1427 (
500 1361 713 1406 Baeclch's
742 1358 1057 1419 Behandlung
1076 1361 1124 1407 d.
1163 1360 1342 1418 griech.

14 1487 15 1491 ,
75 1435 355 1495 Insclzrfften
369 1452 418 1496 p.
446 1450 539 1479 220
563 1433 684 1496 sqq.)
706 1433 766 1478 ad
786 1434 1003 1478 Photium
1017 1466 1030 1489 ‚
1048 1434 1199 1492 Etym.
1226 1434 1291 1476 M.
1309 1440 1355 1476 et

75 1511 299 1556 Zonaram
315 1525 359 1553 v.
377 1507 564 1554 Εὐθῦναι
582 1521 859 1566 provocans,
882 1506 1061 1564 aliaque
1080 1513 1350 1564 argumenta
1377 1514 1383 1519 ·

43 1621 47 1626 .
73 1589 235 1642 petens
268 1595 325 1625 ex
357 1594 579 1634 numero,
619 1592 811 1621 munere
842 1585 888 1621 et
914 1577 1151 1620 electionis
1182 1576 1353 1632 modo,

76 1668 178 1712 quae
208 1652 369 1697 eadem
390 1652 479 1695 sint
502 1649 628 1709 apud
660 1657 882 1706 utrosque
898 1681 910 1702 ,
947 1656 1221 1707 corruptum
1263 1663 1357 1692 esse

75 1725 231 1771 locum
260 1722 666 1782 Harpocrationis,
701 1719 1093 1778 scribendumque
1132 1719 1180 1765 οὐ
1210 1717 1356 1782 διαφέ-

78 1809 197 1857 ρουσι
229 1796 422 1857 censuit.
449 1796 510 1839 At
530 1794 648 1836 nihil
681 1807 774 1836 esse
807 1791 1106 1848 mutandum,
1134 1801 1356 1850 recteque

51 1883 54 1886 ⁴
77 1867 366 1925 Aristotelem
386 1856 639 1909 distinxisse
656 1871 822 1906 contra
855 1864 1176 1907 Hermannum
1196 1862 1359 1906 docuit

29 1964 41 1976 ‚
59 1938 318 1995 *Boeckbius
350 1939 400 1981 in
420 1937 581 1982 Rlaeeitz.
603 1937 737 1982 Mus.
763 1933 902 1991 1827,
931 1936 981 1990 Ι,
1013 1949 1061 1994 p.
1089 1933 1261 1994 58-97.
1289 1933 1357 1980 Cf.

77 2008 202 2054 idem
221 2009 693 2066 Staatshaushaltung
714 2009 762 2051 d.
786 2006 954 2051 Athen.
986 2008 1028 2064 Ι,
1052 2022 1103 2065 p.
1137 2011 1229 2059 204
1255 2021 1355 2065 sqq.

76 2083 153 2128 C:
173 2081 422 2127 Hermann.
461 2080 806 2126 Staatsalterth.
845 2079 873 2139 S
916 2077 1032 2135 1543
1060 2079 1357 2124 Schoemann.

39 2150 56 2195 s
76 2155 235 2213 Antiq.
254 2155 348 2213 jur.
372 2155 569 2214 pupr.
592 2154 1072 2210 2403Westermann.
1094 2152 1145 2195 in
1171 2150 1363 2209 Ραιιζγέ

77 2227 362 2285 Realenqycl.
386 2242 432 2271 v.
457 2223 694 2287 Λογισταί.·

680 2321 739 2375 54
749 2356 759 2367 .

145 2417 254 2460 Lex.
293 2417 488 2463 Rhetor.
509 2432 568 2476 Ρ.
600 2416 721 2473 672,
761 2431 821 2460 20
858 2431 869 2459 :
910 2411 1202 2478 Ἀριστοτέλης
1232 2415 1275 2460 ἐν
1308 2416 1361 2477 τῇ

70 2480 312 2542 ’Ἀθηναίων
330 2484 523 2550 πολιτείᾳ
535 2485 645 2532 οὕτω
654 2483 787 2547 λέγει·
806 2505 825 2526 α
841 2483 1052 2546 Λογισταὶ
1078 2481 1123 2530 δὲ
1147 2485 1363 2546 αἱροῦνται

85 2553 207 2613 δέκα,
223 2554 326 2619 παρ’
344 2548 404 2610 οἷς
424 2556 732 2620 διαλογίζονται
745 2563 883 2602 πᾶσαι
900 2557 944 2602 αἱ
959 2554 1092 2620 ἀρχαὶ
1112 2556 1167 2602 τά
1185 2575 1229 2603 τε
1249 2555 1362 2618 λήμ-

82 2642 200 2688 ματα
222 2625 297 2673 καὶ
329 2626 404 2680 τὰς
433 2627 717 2691 γεγενημένας
748 2626 953 2681 δαπάνας.
988 2627 1077 2675 Καὶ
1111 2627 1232 2675 ἄλλοι
1262 2627 1369 2679 δέκα,

49 2698 58 2723 ³
84 2697 334 2763 συνήγοροι,
358 2697 508 2754 οἵτινες
527 2698 881 2764 συνανακρίνουσι
904 2698 1084 2753 τούτοις.
1114 2701 1202 2748 Καὶ
1225 2703 1264 2747 οἱ
1289 2699 1365 2754 τὰς

85 2768 259 2824 εὐθύνας
283 2769 467 2826 διδόντες
502 2771 623 2837 παρὰ
650 2770 813 2829 τούτοις
847 2770 1145 2836 ἀνακρίνονται
1168 2776 1360 2836 πρῶτον,

76 2831 176 2888 ,εἶτα
209 2840 394 2906 ἐφίενται
414 2844 472 2897 εἷς
490 2843 538 2891 τὸ
556 2843 846 2908 δικαστήριον,
871 2845 928 2896 εἷς
951 2842 1024 2890 ἕνα
1042 2844 1114 2890 καὶ
1135 2843 1193 2908 φ’.

149 2912 223 2959 Sic
252 2917 482 2973 Meierus3
511 2918 620 2962 libri
650 2933 661 2963 :
693 2915 780 2963 Καὶ
819 2914 1021 2968 ἄλλοις...
1058 2915 1356 2980 συνηγόροις...

86 2983 484 3050 συνανακρίνουσι...
502 2986 811 3051 ἀνακρίνοντες.
832 2986 959 3048 Siglo
985 2986 1028 3052 φ’
1049 2990 1098 3032 in
1113 2989 1275 3034 codice
1288 3005 1359 3033 su-

83 3070 170 3176 gra
187 3059 408 3118 scriptum
430 3069 495 3104 est
519 3058 576 3118 α’,
601 3061 731 3120 quod
764 3062 968 3120 pertinet
989 3061 1048 3106 ad
1070 3078 1236 3107 vocem
1273 3059 1345 3107 ἕνα

0 3135 3 3171 ἰ
92 3184 94 3186 q
126 3129 348 3175 rashofius
365 3132 503 3176 scribi
521 3134 671 3177 voluit
691 3133 748 3185 εἰς
771 3128 885 3196 ‘aaa'
909 3132 922 3193 (
944 3131 1059 3179 1501
1083 3130 1116 3195 ).

149 3195 346 3247 Meierus
361 3203 421 3247 ad
438 3205 485 3248 h.
525 3206 557 3251 l.
587 3221 598 3248 :
624 3224 644 3245 «
668 3207 962 3251 Aristotelem
978 3207 1027 3249 in
1045 3207 1167 3250 libro
1186 3206 1244 3250 de
1262 3222 1361 3266 rep.

30 3307 35 3323 .=
65 3274 430 3335 i⁴Atlieniensiuin
453 3277 511 3321 de
530 3278 702 3338 logistis
717 3288 763 3323 et
777 3279 990 3338 euthynis
1008 3280 1072 3323 ita
1085 3279 1361 3334 disseruisse,

59 3354 140 3407 „gut
177 3347 403 3407 euthynos
440 3348 644 3394 diversos
690 3366 782 3395 esse
823 3351 1016 3394 doceret
1055 3351 1114 3394 ab
1163 3352 1363 3412 logistis,

43 3409 86 3466 ᾖ
146 3420 291 3464 nstitit
298 3419 390 3478 jam
415 3435 473 3465 ex
496 3423 770 3482 Harpocrat.
790 3439 834 3469 v.
850 3422 1036 3468 Εὐθῧναι
1063 3432 1109 3467 et
1136 3422 1362 3484 Λογισταί.

127 3504 257 3536 erum
279 3493 375 3552 ipsa
397 3494 540 3538 verba
575 3495 832 3539 Aristotelis
863 3495 939 3538 hic
975 3495 1163 3539 demum
1191 3497 1365 3540 lexico-

69 3563 291 3623 ‘graphas
306 3567 562 3624 promittit,
584 3582 736 3625 neque
751 3582 862 3611 vero
882 3575 969 3618 stat
986 3569 1241 3626 promis503
1260 3584 1364 3612 nam

2620 308 2703 349 ¹23

1423 418 1569 460 quum
1608 405 1900 447 Aristotelem
1934 403 2100 447 eodem
2124 406 2228 448 loco
2264 408 2507 464 probabile
2531 412 2587 454 sit
2611 421 2705 455 tum

1424 473 1482 517 de
1519 475 1691 533 logistis
1724 483 1771 518 et
1808 474 1866 517 de
1890 475 2125 534 euthynis,
2164 485 2262 519 tuln
2302 479 2360 522 de
2399 473 2707 539 eutliynoruffi

1423 545 1719 589 assessoribus
1742 554 1881 603 atque
1906 545 1964 588 de
1994 548 2230 604 synegoris
2263 550 2426 606 egisse,
2464 553 2538 595 hic
2580 554 2708 598 locus

1426 617 1598 660 omissis
1617 617 1830 675 euthynis
1853 625 1899 660 et
1932 616 2246 675 euthynorum
2279 621 2489 676 paredris
2505 623 2563 665 ad
2587 627 2710 668 solos

1424 687 1608 747 logistas
1627 695 1671 731 et
1697 702 1949 747 synegoros
1968 688 2188 746 pertinet.
2224 689 2399 733 Verum
2421 694 2502 735 etsi
2522 710 2618 737 non
2638 697 2706 738 in·

1425 768 1554 819 teger
1587 759 1774 803 videtur
1807 760 1938 803 locus
1968 774 2088 815 esse,
2115 768 2270 804 tamen
2305 762 2378 805 vel
2407 764 2469 806 sic
2501 767 2709 822 quaedani

1426 833 1656 887 continet,
1673 847 1774 891 quae
1791 831 1978 875 aliunde
1993 846 2092 875 non
2112 831 2344 878 didiceris.
2358 834 2567 878 Primum
2588 839 2710 880 enim

1399 940 1405 946 ,
1426 919 1572 962 quum
1588 904 1694 948 Lex.
1723 904 1862 949 Rhet.
1883 918 1931 962 p.
1961 901 2054 959 276
2068 936 2080 959 ,
2110 918 2162 959 17
2179 937 2191 959 ,
2215 919 2419 962 quocum
2439 906 2499 948 ad
2518 908 2711 952 verbum

1425 977 1660 1034 conspirat
1692 976 1844 1034 Etym.
1872 975 1937 1018 M.
1972 990 2023 1033 p.
2065 973 2182 1034 569,
2218 974 2303 1031 31,
2330 977 2514 1036 logistas
2550 985 2715 1023 sortito

1426 1051 1567 1091 factos
1613 1062 1707 1091 esse
1749 1046 2001 1091 contendat
2045 1043 2277 1109 (ἄρχοντές
2318 1046 2399 1092 εἶσι
2441 1047 2676 1111 κληρωτοί)
2698 1086 2710 1106 ,

1425 1120 1594 1178 reliqui
1613 1128 1766 1163 autem
1790 1119 2077 1179 grammatici
2101 1118 2159 1162 de
2188 1118 2358 1178 modo,
2388 1135 2484 1178 quo
2510 1122 2577 1164 illi
2603 1116 2712 1166 facti

1427 1192 1518 1235 sint
1533 1225 1545 1246 ,
1569 1200 1749 1235 taceant
1774 1192 1966 1234 omnino
1994 1190 2124 1247 (nam
2152 1190 2283 1248 quod
2306 1191 2474 1235 Pollux
2497 1194 2628 1248 VIII,
2653 1211 2718 1253 99

1427 1263 1673 1307 videbatur
1693 1263 1865 1307 docere
1902 1263 2146 1306 sortitione
2178 1263 2237 1306 ab
2259 1272 2422 1306 senatu
2445 1267 2714 1323 quingenta-¹

1428 1351 1526 1378 rum
1550 1336 1755 1378 instituta
1774 1335 1962 1394 logistas
1985 1349 2079 1378 esse
2098 1334 2270 1390 factos,
2299 1334 2350 1378 id
2373 1333 2465 1392 jam
2484 1337 2716 1380 intellexi-

1428 1422 1530 1450 mus
1551 1421 1642 1450 esse
1666 1407 1800 1450 nihili
1827 1413 1966 1464 atque
2001 1420 2058 1449 ex
2077 1406 2377 1450 librariorum
2407 1416 2585 1451 tantum
2609 1410 2718 1453 Pol-

1429 1478 1544 1522 lucis
1562 1477 1776 1522 socordia
1796 1486 1952 1521 ortum
1974 1478 2094 1521 male
2113 1476 2173 1521 ad
2191 1478 2376 1537 logistas
2393 1479 2692 1524 referentium
2705 1517 2717 1537 ,

1431 1549 1562 1608 quod
1611 1550 1691 1594 ille
1731 1549 1791 1593 de
1834 1548 2140 1612 ἀντιγραφεῧσι
2184 1549 2450 1611 docuerit),
2494 1567 2618 1596 nunc
2664 1570 2720 1598 ex

1432 1622 1676 1666 Aristotele
1707 1621 1923 1666 discimus
1950 1637 2029 1666 eos
2067 1618 2317 1680 suffragiis
2355 1632 2533 1668 creatos
2572 1640 2665 1670 esse
2704 1644 2715 1670 :

1431 1691 1625 1754 λογισταὶ
1648 1693 1898 1757 αἱροῦνται;
1937 1694 2176 1738 Aristoteli
2199 1702 2354 1737 autem
2387 1697 2488 1753 quis
2530 1696 2719 1743 dubita-

1429 1765 1550 1808 verit
1570 1766 1676 1824 plus
1699 1766 1905 1810 tribuere
1930 1780 2070 1823 quam
2092 1766 2272 1808 incerto
2297 1766 2365 1808 illi
2391 1771 2717 1827 grammatico,

1433 1837 1509 1880 cui
1543 1837 1654 1882 Lex.
1679 1837 1819 1882 Rhet.
1855 1845 1900 1881 et
1933 1838 2087 1895 Etym.
2128 1838 2195 1881 M.
2233 1852 2312 1881 sua
2336 1837 2537 1883 debe'nt?
2574 1842 2722 1899 Hujus

1433 1911 1698 1954 auctoritati
1730 1910 1835 1954 satis
1857 1911 1945 1954 erit
1971 1910 2200 1966 tribuisse,
2231 1910 2268 1953 si
2292 1912 2567 1954 concesseris
2603 1913 2722 1971 logi-

1433 1989 1522 2025 stas
1545 1983 1799 2040 antiquitus
1815 1981 2063 2041 suffragiis,
2096 1990 2258 2041 postea
2287 1991 2411 2026 sorte
2442 1983 2585 2027 factos
2609 1999 2718 2028 esse.

1433 2053 1460 2096 J
1462 2067 1532 2096 am
1554 2068 1667 2097 vero
1682 2086 1694 2108 ,
1715 2053 1847 2112 quod
1870 2054 1981 2097 olim
1997 2054 2242 2098 Boeckhius
2256 2055 2352 2098 sola
2373 2054 2638 2112 conjectura
2657 2071 2723 2100 as·

1435 2134 1615 2169 secutus
1635 2135 1733 2170 erat
1745 2159 1758 2179 ,
1777 2126 1904 2184 apud
1924 2127 2107 2186 logistas
2125 2124 2331 2185 λογισμὸν
2347 2160 2360 2182 ,
2377 2126 2427 2170 id
2439 2136 2505 2171 est
2524 2130 2724 2173 rationes

1435 2198 1644 2255 pecuniae
1666 2198 1865 2256 publicae
1879 2207 2078 2256 acceptae
2104 2207 2148 2241 et
2165 2213 2372 2256 expensae
2387 2198 2591 2243 redditas
2610 2215 2720 2256 esse,

1437 2269 1664 2327 euthynos
1689 2277 1842 2313 autem
1860 2271 1907 2312 in
1928 2270 2128 2327 reliquas
2149 2271 2354 2313 muneris
2372 2270 2547 2328 publici
2570 2282 2724 2330 partes

1435 2341 1720 2398 inquisivisse
1747 2341 1831 2401 (cf.
1872 2341 2081 2385 Boeckhii
2102 2342 2360 2386 Comment.
2381 2344 2451 2386 De
2481 2344 2655 2403 logistis
2679 2355 2725 2389 et

1437 2413 1653 2471 euthynis
1674 2429 1724 2472 p.
1751 2412 1868 2474 73),
1894 2413 1943 2456 id
1971 2413 2068 2470 jam
2099 2415 2366 2457 Aristoteles
2388 2424 2573 2459 eatenus
2600 2426 2724 2460 certe

1438 2483 1706 2539 confirmat,
1730 2484 1861 2542 quod
1888 2484 2015 2542 apud
2037 2486 2221 2544 logistas
2247 2486 2304 2529 ab
2332 2487 2546 2530 omnibus
2577 2490 2725 2548 magi-2

1438 2556 1655 2599 stratibus
1674 2557 1878 2599 rationes
1897 2564 2094 2614 acceptae.
2111 2565 2157 2599 et
2178 2572 2385 2615 expensae
2401 2559 2609 2615 pecuniae
2623 2560 2726 2603 red-

1439 2627 1555 2671 ditas
1577 2643 1669 2672 esse
1693 2616 1869 2671 scribit.
1891 2652 1957 2661 —
1976 2629 2066 2685 Qui
2089 2637 2243 2672 autem
2266 2630 2477 2687 sequitur
2502 2629 2561 2674 de
2586 2646 2724 2689 syne-

1439 2700 1563 2759 goris
1594 2701 1747 2756 locus,
1785 2715 1892 2744 eum
1926 2709 2201 2759 corruptum
2235 2716 2328 2744 esse
2364 2716 2420 2744 ex
2457 2702 2558 2760 ipso
2591 2704 2725 2746 initio

1439 2782 1653 2831 apparet3
1681 2773 1870 2817 fortasse
1906 2773 2206 2817 scribendum
2243 2782 2310 2817 est
2347 2790 2357 2817 :
2397 2771 2612 2826 δαπάνας·
2651 2773 2724 2820 καὶ

1442 2841 1630 2898 [τούτοις
1654 2842 1886 2907 ἐὸοήθουν]
1912 2842 2035 2890 ἄλλοι
2061 2840 2133 2910 [τε
2150 2842 2224 2890 καὶ
2244 2842 2294 2900 δὴ
2317 2844 2390 2890 καὶ
2416 2846 2480 2908 οἱ]
2498 2843 2601 2892 δέκα
2628 2865 2726 2892 συν·

1441 2912 1589 2978 ἤγοροι
1605 2951 1618 2972 ,
1655 2914 1806 2969 οἵτινες
1845 2915 2198 2980 συνανακρίνουσι
2231 2915 2392 2969 τούτοις
2420 2916 2545 2980 [τοὺς
2587 2919 2727 2963 ὑπευ-

1442 2984 1635 3053 θύνους]·
1664 2987 1738 3034 καὶ
1763 2985 1901 3055 [γὰρ]
1925 2990 1963 3035 οἱ
1981 2987 2058 3041 τὰς
2083 2986 2259 3041 εὐθύνας
2279 2987 2462 3042 διδόντες
2484 2987 2604 3053 παρὰ
2627 2988 2727 3035 τού-

1441 3076 1528 3111 τοις
1561 3059 1860 3123 ἀνακρίνονται
1885 3063 2072 3124 πρῶτον.
2107 3062 2176 3107 Cf.
2202 3064 2316 3106 Lex.
2343 3062 2481 3105 Rhet.
2508 3062 2557 3105 in
2579 3062 2724 3105 Bekk.

1441 3134 1530 3176 An.
1554 3148 1602 3192 p.
1635 3133 1723 3177 301
1742 3167 1754 3190 ,
1779 3139 1804 3187 4
1838 3150 1848 3178 :
1876 3131 2115 3197 Συνήγοροι
2138 3131 2341 3195 ἄρχοντες
2364 3125 2473 3189 ἦσαν
2498 3132 2726 3196 κληρωτοὶ,

1441 3201 1482 3249 οἳ
1503 3209 1587 3256 τοῖς
1610 3204 1830 3273 λογισταῖς
1849 3204 2052 3262 ε’ὅοήθουν
2073 3203 2176 3268 πρὸς
2193 3203 2267 3257 τὰς
2283 3202 2459 3255 εὐθύνας
2479 3207 2564 3250 τῶν
2578 3203 2727 3268 ἀρξάν-

1441 3294 1525 3320 των
1551 3275 1644 3321 τινὰ
1665 3275 1821 3340 ἀρχήν.
1844 3280 1869 3322 J
1874 3279 2080 3322 udicium
2093 3287 2270 3333 autem,
2294 3278 2423 3336 quod
2443 3278 2501 3322 de
2519 3279 2735 3336 euthynis.

1441 3351 1789 3409 magistratuum
1805 3351 2108 3408 judicaverit,
2131 3350 2266 3394 fuisse
2286 3351 2420 3394 unius
2442 3360 2486 3394 et
2509 3352 2734 3410 quingen-

1445 3429 1598 3463 torum
1627 3420 1862 3477 judicum,
1884 3422 1950 3465 <id
1983 3437 2097 3465 vero
2138 3423 2275 3465 etiam
2313 3437 2487 3464 novum
2524 3422 2730 3478 accedit„

1444 3492 1573 3549 quod
1604 3507 1659 3535 cx
1692 3493 1783 3536 hoc
1814 3492 2004 3536 demum
2039 3495 2147 3537 loco
2186 3493 2425 3548 discimus;
2464 3493 2523 3536 cf.
2566 3494 2722 3538 Schoe-

1442 3585 1600 3616 mann.
1621 3573 1691 3614 De
1712 3571 1781 3614 lit.
1802 3573 1941 3615 Attic.
1964 3587 2014 3630 p.
2051 3571 2158 3616 136.
2183 3591 2203 3612 »

68 3739 71 3742 ,
699 3707 772 3745 53.

62 3759 67 3810 ᾗ
143 3768 328 3819 Λογισταὶ
340 3771 380 3810 et
393 3771 630 3823 λογιστήρια.
646 3771 813 3821 Logistae
829 3772 1078 3822 magistratus
1093 3772 1252 3822 quidam
1265 3772 1370 3823 apud

2056 3713 2127 3752 54.

1496 3777 1726 3817 Aristoteles
1743 3777 1784 3816 in
1797 3780 1893 3828 ch.
1910 3779 2056 3818 Athen.
2077 3779 2133 3818 ita
2152 3778 2328 3829 loquitur
2345 3790 2355 3817 :
2379 3794 2399 3812 «
2419 3778 2584 3827 Logistae
2594 3777 2736 3816 suffra·-

52 3862 69 3893 ,ξ
94 3831 360 3876 Athenienses.
397 3839 544 3886 Decem
570 3837 707 3887 erant,
732 3837 802 3887 qui
831 3837 1003 3877 rationes
1042 3848 1178 3877 rerum
1201 3838 1371 3876 admini-
1446 3839 1516 3888 giis
1530 3843 1714 3880 creantur
1729 3841 2010 3892 decem,apud
2021 3853 2166 3892 eosque
2180 3842 2351 3881 rationes
2366 3841 2542 3891 pecuniae
2557 3841 2735 3888 accepim

47 3898 55 3948 j
93 3897 301 3939 emtarum
322 3901 594 3942 subducebant
614 3902 718 3942 intra
728 3902 887 3952 triginta
908 3903 1062 3942 dierum
1074 3903 1244 3953 spatium
1261 3905 1371 3952 post·
1446 3904 1487 3942 et
1495 3914 1677 3953 expensae
1693 3904 2016 3953 amagistratibus
2025 3904 2524 3953 reddebantur.Adj=1nctos
2534 3902 2730 3941 habebant

72 3964 214 4013 ‚innam
239 3955 486 4015 magistratus
511 3978 676 4007 munere
705 3967 965 4007 decesserant.
1007 3968 1290 4007 Demosthenes
1319 3967 1373 4006 in·
1449 3965 1586 4005 decem
1603 3977 1814 4016 synegoros
1833 3967 1918 4006 sive
1943 3978 2175 4016 assessores,
2193 3967 2262 4016 qui
2283 3977 2372 4004 cum
2392 3964 2538 4014 logistis
2560 3964 2734 4002 rationes

0 4067 3 4075 Α
68 4027 268 4081 ssvoratione
287 4032 424 4070 contra
439 4032 746 4082 Ctesiphontem.
769 4032 935 4072 Disserit
956 4032 1006 4071 de
1016 4021 1070 4071 ⁴iis
1086 4031 1314 4071 Aristoteles
1333 4030 1374 4069 in
1449 4030 1546 4080 ipsis
1572 4031 1770 4080 subjectas
1793 4031 2085 4070 examinabant.
2107 4030 2220 4080 Apud
2237 4030 2308 4068 hos
2334 4029 2449 4078 igitur
2475 4027 2645 4076 primum
2663 4037 2726 4065 ra·

0 4079 6 4124 l
32 4082 191 4150 ζῖἜαρ.
211 4092 369 4142 Athen„
389 4093 459 4133 ubi
478 4094 774 4134 demonstratur
789 4095 947 4145 logistas
962 4095 1138 4134 diversos
1153 4105 1235 4134 esse
1261 4094 1311 4132 ab
1324 4105 1401 4132 eum
1449 4094 1575 4133 tiones
1604 4094 1854 4143 magistratus
1887 4093 2127 4141 reddebant,
2164 4092 2304 4130 deinde
2336 4093 2349 4139 (
2375 4092 2405 4129 si
2443 4100 2657 4137 expurgare
2686 4100 2733 4127 so

27 4203 32 4209 .
73 4140 238 4205 illimus.
253 4157 465 4206 Logisteria
477 4168 571 4197 vero
586 4159 679 4197 sunt
693 4158 1075 4208 curiaelogistarum,
1093 4159 1138 4196 ut
1158 4156 1375 4196 Dinarchus
1450 4167 1529 4194 non
1558 4156 1763 4206 poterant)
1795 4156 1845 4194 ab
1864 4155 2002 4195 iisdem
2032 4154 2328 4193 deducebantur
2358 4153 2395 4191 in
2407 4149 2603 4198 judicium
2621 4152 2731 4205 qnod

101 4218 140 4260 in
161 4231 216 4260 or.
238 4224 373 4262 contra
392 4223 656 4263 'rimocratem
679 4224 719 4264 et
738 4223 958 4264 Andocides
973 4234 1032 4262 or.
1051 4222 1100 4261 dc
1114 4217 1321 4274 mysteriis.
1451 4222 1534 4260 crat
1552 4220 1727 4259 virorum
1751 4220 1866 4259 unius
1882 4221 1920 4259 et
1939 4219 2258 4270 quingentorum.
2279 4231 2296 4250 υ

66 4399 87 4429 3,

0 4462 28 4505 ¹2
68 4479 86 4515 z

38 4603 67 4628 Ἰ
