3016 4628
164 414 167 418 ,
198 364 255 410 'is
276 364 396 409 inter
417 376 464 406 se
482 370 630 407 castra·
645 361 894 416 distabant,
923 377 949 407 e
964 363 1236 408 stationibus
1261 361 1387 423 (erot-

108 431 114 445 ’
177 434 256 496 “ς)
274 434 588 493 computavit,
607 435 797 492 Nepose
814 433 997 478 dierum
1016 436 1279 490 itineribus,
1298 437 1391 479 sive

136 502 240 561 od
253 514 485 551 extremos
510 519 568 548 ex
597 506 814 550 Eumenis
843 505 1067 550 militibus
1089 507 1215 550 mille
1236 506 1392 550 stadiis

101 558 129 580 '³
156 587 193 609 ’ν
242 589 290 621 se
311 573 503 632 sejuncti
522 589 548 617 a
570 575 819 619 Plutarcho
841 590 882 621 c.
909 574 963 621 15
985 576 1212 631 feruntur,
1232 591 1257 620 a
1275 577 1391 620 Dio-

210 668 219 686 »
267 645 282 707 ζ
291 646 436 702 XIX,
474 644 560 705 34)
599 660 679 690 sex
712 645 896 691 dierum
929 647 1125 706 itinere,
1146 649 1239 692 sive
1262 647 1392 706 quod

195 718 377 764 tarchus
395 732 437 764 c.
460 714 516 761 15
532 718 883 776 promittentem
902 719 1156 764 Eumenem
1175 719 1283 764 facit
1299 719 1391 764 ἐπι-

100 806 102 809 ·
131 817 145 838 ι.
200 805 279 835 ειν
306 789 392 833 τῶν
415 786 633 847 πολεμίων
654 786 705 834 τὸ
734 786 894 851 τάχος,
918 786 1029 835 ὥστε
1051 788 1186 853 τρισὶν
1219 788 1391 853 ὕστερον

196 877 286 924 ραις
338 855 368 915 ἢ
408 860 730 923 προσδοκῶνται
773 860 1111 923 παραγενέσθαι,
1156 862 1393 907 Diodorus

87 928 270 988 XIX
292 930 375 992 38)
395 940 579 978 contra·
604 929 829 993 ευρηκέναι
848 930 932 995 γὰρ
949 930 1104 996 τρόπον
1128 932 1182 978 δι’
1207 925 1255 979 ου
1271 931 1394 988 ποιή-

151 1055 155 1058 ,
202 1021 273 1050 τον
303 1001 537 1065 Ἀντίγονον
573 1000 747 1066 ὕστερον
778 1001 960 1067 ἡμέραις
994 1001 1159 1068 τρισὶ
1135 1023 1164 1061 η
1194 1002 1392 1068 τέτταρσι

105 1070 453 1141 ραγενέσθαι,
486 1078 642 1136 Nepos
670 1092 712 1122 c.
738 1092 814 1137 9·
848 1088 896 1122 uc
923 1094 1014 1122 non
1041 1083 1186 1123 minus
1208 1081 1392 1123 totidem

90 1159 95 1180 ’
107 1150 163 1198 i.
178 1163 221 1195 e.
241 1144 469 1210 quinque)
485 1149 660 1193 dierum
675 1153 827 1209 spatio
841 1150 1195 1194 retardarentur.
1215 1151 1389 1195 Eadem

86 1230 222 1279 'vero
243 1235 344 1280 quae
365 1220 492 1280 apud
515 1221 740 1280 Nepotem
767 1221 985 1280 leguntur
1010 1237 1048 1267 c.
1074 1236 1134 1280 9:
1164 1221 1395 1282 ignessa—

97 1293 234 1346 'ciant
264 1308 401 1352 quam
439 1297 668 1337 maximos
696 1303 832 1352 atque
865 1293 948 1338 hos
976 1294 1178 1337 secunda
1205 1296 1390 1352 v1‘g1‘l1'a‚

88 1367 330 1424 ξοντήααητ,
364 1368 496 1409 tertia
525 1369 790 1424 perexigua
820 1366 1027 1418 reddant,
1068 1365 1230 1410 eadem
1267 1366 1394 1425 apud

84 1431 307 1494 Diodor.
326 1436 475 1490 XIX,
500 1434 580 1482 33.
592 1437 751 1480 Etiam
770 1437 1060 1481 Plutarchus·
1084 1433 1251 1481 ἐκέλευε
1274 1435 1392 1500 πυρὰ

90 1504 247 1553 mon&
267 1506 403 1552 καίειν
423 1507 466 1552 ἐν
491 1505 840 1568 διαστήμασιν,“
811 1525 958 1570 ωσπερ
977 1508 1014 1553 οἱ
1031 1507 1393 1570 στρατοπεδεύον-

99 1595 190 1631 -τες,
214 1581 391 1624 Iterum
411 1595 523 1624 vero
549 1580 837 1625 concordant
864 1580 1062 1627 Diodor.
1084 1581 1202 1625 XIX
1217 1614 1230 1636 ,
1259 1580 1319 1626 38
1349 1591 1394 1626 et

91 1640 380 1707 Plutarchus
409 1651 468 1695 de
497 1666 654 1706 causa,
677 1667 778 1710 quae
802 1653 1087 1711 Antigonum
1110 1661 1162 1696 ut
1191 1653 1239 1696 in
1259 1668 1394 1697 com-

43 1775 45 1777 ,
90 1715 372 1779 ',··odiorem
396 1723 518 1766 viam
548 1723 876 1782 regrederetur
899 1724 1160 1782 impulerit,
1196 1725 1256 1769 de
1287 1741 1395 1770 ora-

36 1780 37 1784 *
158 1807 238 1838 me
256 1808 348 1852 qua
366 1794 747 1852 compellaverint
767 1796 973 1838 veterani
997 1795 1275 1840 Macedones
1301 1800 1394 1841 An·

48 1864 51 1868 ’
83 1861 255 1922 ἴ-’,οιιί
275 1865 443 1908 milites
463 1863 678 1925 (Diodor
710 1881 752 1911 c.
775 1870 850 1917 4ι.
874 1867 995 1910 Plut.
1012 1883 1053 1912 c.
1076 1863 1173 1927 16),
1193 1867 1394 1927 denique

81 1924 117 1942 ’
141 1944 314 1980 etate
331 1950 496 1980 eorum
513 1945 559 1980 et
572 1937 739 1995 peritia
754 1937 941 1981 militari
955 1947 1000 1982 et
1016 1937 1074 1982 de
1089 1953 1247 2001 pugna
1273 1940 1395 1984 inter

102 2015 361 2068 ’utrumque
397 2008 652 2052 exercitum
693 2009 933 2054 commissa
974 2009 1144 2070 (Diod.
1192 2015 1270 2063 42.
1314 2010 1391 2064 43.

82 2087 144 2132 ,ε’
159 2097 181 2118 ι
195 2077 364 2140 1216).

155 2167 200 2191 «ι
221 2149 489 2210 Supersedit
506 2150 745 2196 Diodorus
765 2153 1054 2198 orationihus
1087 2169 1140 2199 ac
1162 2156 1395 2200 sententiis

100 2218 384 2279 ferendis,
421 2223 589 2282 quibus
610 2225 841 2281 Justinus,
867 2226 1022 2285 Nepos
1045 2235 1090 2270 et
1123 2228 1394 2272 Plutarchus

138 2302 363 2342 tremam
394 2295 610 2340 Eumenis
641 2297 784 2340 vitam
816 2308 1172 2344 exornaverunt.
1207 2300 1393 2344 Conve-

125 2351 244 2420 {funt
261 2376 415 2411 autem
433 2368 556 2411 inter
570 2382 617 2411 se
632 2369 787 2426 Nepos
805 2377 851 2412 et
858 2370 1164 2426 Plutarchus,
1191 2373 1272 2430 qui
1293 2387 1395 2431 quae

110 2428 116 2444 ⁷
164 2435 404 2482 diderunt
422 2454 519 2482 non
538 2438 744 2483 absimile
770 2442 869 2484 veri
885 2450 950 2485 est
965 2443 1139 2500 pariter
1158 2452 1297 2502 atque
1315 2460 1393 2488 re-

156 2524 237 2555 ua
256 2510 316 2555 ad
353 2511 628 2570 Hieronymi
661 2513 983 2556 auctoritatem
1001 2515 1263 2560 revocanda
1283 2531 1391 2563 esse.

104 2564 182 2647 J
207 2582 441 2626 Plutarch.
474 2581 566 2629 18:
601 2579 773 2635 οὕτωςι
751 2601 808 2635 ως
840 2582 1104 2647 ἐλέφαντα
1079 2605 1108 2641 η
1140 2588 1197 2638 ὡς
1219 2584 1393 2644 λέοντα,

13 2674 15 2714 3
89 2626 119 2718 {i
140 2667 266 2714 epos
294 2670 312 2698 1
327 2668 385 2700 1:
411 2665 461 2698 ut
481 2659 749 2699 acerrimum
773 2658 945 2701 leonem
969 2667 1052 2701 aut
1057 2655 1394 2714 seroczsstmum

13 2718 15 2722 ’
35 2720 39 2726 ’
192 2725 434 2780 hantum3
423 2742 562 2772 mox
583 2729 706 2772 inter
722 2730 974 2773 Eumenem
987 2739 1032 2774 et
1048 2731 1392 2776 Onomarchum

156 2797 192 2841 i
213 2813 364 2842 sermo
382 2799 566 2844 habitus
591 2814 685 2845 esse
709 2800 904 2845 dicitur·
894 2801 1126 2861 ,denique
1153 2806 1395 2849 consilium

125 2884 173 2915 e
193 2871 399 2916 Eumene
420 2872 657 2928 habitum,
690 2874 810 2932 Nep.
843 2876 1072 2931 12,Plut.
1106 2875 1179 2921 18.
1203 2879 1396 2922 Nonnisi

87 2890 204 3042 Ede
190 2957 290 3002 ipsa
312 2952 464 2987 morte
484 2945 703 2988 Eumenis
725 2946 878 3004 aliqua
897 2955 964 2990 est
985 2947 1107 2991 inter
1125 2950 1243 3007 Nep.
1274 2965 1327 2993 ι2
1351 2959 1396 2994 et

106 3013 233 3059 .·''.lut
271 3014 328 3060 18
348 3015 674 3075 discrepantia.
698 3018 769 3063 De
792 3033 1009 3077 supremo
1037 3028 1198 3064 contra
1215 3021 1396 3067 honore

88 3071 171 3160 {b
195 3088 432 3147 Antigono
469 3089 667 3132 Eumeni
692 3089 856 3135 habito
891 3092 1156 3151 conspirant
1192 3094 1392 3141 Diodor.

96 3146 204 3213 ”-ἱ4,
223 3157 346 3202 Plut.
374 3173 432 3218 19
456 3168 503 3203 et
521 3161 640 3219 Nep.
667 3158 742 3205 13.
1148 3151 1213 3168 ”f

92 3225 129 3281 {32
178 3247 199 3271 ι
212 3230 344 3285 lniis‚
356 3245 458 3288 quae
466 3231 527 3275 ad
541 3240 742 3276 mortem
754 3247 900 3292 usque
907 3235 1124 3280 Eumenis
1136 3246 1258 3296 gesta
1273 3248 1393 3294 sunt,

142 3321 157 3338 κ
230 3334 233 3339 .
249 3301 351 3345 ndis
364 3316 401 3346 si
389 3300 554 3346 'fidem
567 3288 806 3349 Diodorus
819 3307 1109 3364 potissimum
1123 3310 1398 3369 Hieronymi

99 3385 127 3396 -’
160 3381 292 3418 cutus
307 3381 391 3431 est,
409 3374 460 3417 in
479 3375 641 3419 ceteris
662 3390 852 3435 quoque
871 3377 1023 3422 eidem
1043 3394 1091 3423 se
1107 3380 1397 3426 adstrinxisse

169 3452 311 3490 et.ur
335 3445 622 3505 Antigonum
642 3449 765 3491 enim
795 3458 840 3493 et
864 3451 1151 3494 Demetrium
1170 3454 1274 3497 satis
1296 3455 1398 3499 lau-

93 3510 261 3574 aaut
288 3516 347 3562 de
369 3517 594 3562 Nabataeis
627 3527 781 3564 autem
806 3519 1026 3582 (Diodor.
1052 3524 1192 3578 XIX,
1229 3524 1319 3584 94)
1351 3533 1398 3570 et

37 3588 51 3610 ·’
87 3586 175 3633 lde
191 3589 296 3633 lacu
314 3588 571 3648 Asphaltite
589 3590 656 3649 (c.
679 3590 760 3650 98'.
780 3591 868 3652 99)
890 3607 991 3652 quae
1016 3594 1233 3651 tradidit,
1258 3597 1394 3641 dubi

34 3686 36 3689 »
86 3659 96 3704 -ζ
106 3659 202 3725 βτί
217 3669 373 3721 potest
392 3677 503 3706 num
527 3663 590 3707 ita
612 3665 798 3723 copiose
818 3667 1120 3724 exposuisset,
1143 3668 1228 3712 nisi
1250 3669 1394 3713 uber-

36 3752 41 3766 :
86 3731 280 3779 §imam
317 3746 476 3778 eanun
511 3749 668 3779 rerum
715 3736 1074 3796 descriptionem
1115 3739 1241 3798 apud
1280 3742 1395 3785 Hie-

86 3798 395 3864 &rotimum
381 3807 652 3864 invenisset,
673 3817 726 3852 ut
745 3810 826 3867 qui
851 3810 1223 3869 expeditionibus
1247 3828 1270 3855 a
1298 3816 1395 3858 De-

39 3933 45 3940 ·
106 3876 319 3934 ,mttio'
305 3893 356 3921 ιιι
368 3891 422 3923 ea
431 3877 535 3923 loca
545 3881 764 3939 susceptis
777 3882 875 3940 ipse
895 3882 1151 3927 interfuisse
1164 3884 1391 3930 videatur.

93 3944 431 4003 Plutarchus
417 3966 468 3993 m
490 3951 592 3995 Vita
630 3953 857 3997 Demetrii
891 3955 989 3998 aliis
1029 3971 1218 4014 quoque
1259 3973 1395 4015 quam

95 4022 136 4081 s*-
135 4028 149 4056 ⁸
159 4018 352 4065 odorus
373 4020 579 4067 fontibus
599 4038 704 4068 usus
724 4034 812 4080 est,
841 4041 939 4070 non
957 4027 1176 4071 recedens
1199 4028 1276 4071 ille
1295 4029 1397 4087 qui-

88 4087 110 4123 -’
132 4103 269 4148 muta
290 4093 427 4137 solito
447 4109 578 4139 more
616 4111 730 4151 suo,
753 4112 848 4155 quo
869 4097 1119 4157 decerpere
1134 4115 1398 4158 usquequa-

95 4172 217 4220 que
226 4166 488 4221 emisuevit,
511 4181 612 4225 quae
643 4167 703 4212 ad
731 4170 1045 4226 exornandaS,
1069 4186 1180 4230 quas
1220 4172 1396 4215 exhibi-

1220 252 1627 303 FRAGMENTA.

2631 271 2725 312 459

1463 371 1593 407 turus
1627 370 1747 418 erat,
1781 363 2020 408 hominum
2056 381 2241 411 suorum
2267 371 2481 428 imagines
2501 372 2730 433 facerent,

1464 448 1560 476 non
1582 432 1747 476 desunt
1787 442 1964 489 tamen,
1996 436 2042 478 in
2074 439 2240 494 quibus
2279 442 2339 483 ita
2364 445 2594 502 conspiret
2625 460 2730 489 cum
2807 437 2809 439 ’

1466 507 1704 563 Diodoro,
1740 517 1791 551 ut
1822 509 1897 551 hic
1928 524 1984 552 ex
2007 525 2100 567 quo
2129 511 2254 556 fonte
2292 514 2469 559 fluxisse
2505 518 2731 575 videatur,

1467 593 1523 621 ex
1542 578 1708 622 eodem
1729 579 1804 622 ille
1829 594 2015 637 quoque
2040 582 2211 625 rivulos
2237 599 2339 628 suos
2359 586 2595 633 deduxisse
2621 606 2732 635 cen-

1466 650 1634 693 sendus
1666 651 1737 693 sit.
1776 651 1852 696 Sic
1891 650 1949 692 de
1986 666 2141 709 pugna
2178 655 2236 697 ad
2261 657 2376 699 Gaza
2410 660 2567 704 similia
2601 663 2737 720 plane

1468 730 1573 764 sunt
1588 754 1599 775 ,
1641 735 1742 779 quae
1765 721 1890 779 apud
1913 730 2162 781 utrumque
2187 736 2442 771 narrantur.
2475 730 2736 779 Plutarchus

1467 793 1587 835 enim
1621 792 1751 851 quod
1778 794 1984 851 quinque
2017 796 2157 839 millia
2192 797 2250 840 de
2288 800 2504 843 Demetrii
2536 807 2734 849 exercitu

1467 862 1680 906 cecidisse
1709 862 1947 921 perhibet,
1972 866 2207 911 Diodorus
2242 870 2343 927 plus
2372 872 2736 930 quingentis‚11i-

1466 934 1531 976 hil
1556 935 1731 994 arguit,
1755 935 1841 977 nisi
1877 944 1955 979 aut
1976 940 2197 983 memoria
2223 940 2395 998 lapsum
2429 956 2520 984 csse
2560 945 2737 989 Plutar-

1468 1004 1629 1060 chum,
1654 1014 1732 1049 aut
1751 1004 2041 1051 πεντακοσίων
2077 1008 2202 1067 apud
2226 1025 2329 1053 eum
2354 1026 2441 1068 pro
2471 1028 2737 1076 πεντακιςγι-

1467 1074 1569 1120 λίων
1594 1072 1842 1135 legendum
1869 1092 1976 1123 esse.
2045 1080 2092 1123 Si
2117 1081 2218 1138 quis
2240 1082 2361 1124 enim
2387 1083 2465 1139 qui
2489 1093 2590 1126 sunt
2618 1088 2738 1143 apud

1467 1146 1726 1191 Diodorum
1751 1149 1931 1192 numeri
1956 1159 2166 1194 accurate
2186 1151 2512 1210 perpenderit,
2539 1153 2636 1199 fieri
2669 1159 2739 1201 vix

1467 1220 1669 1278 potuisse
1692 1220 1919 1278 inveniet,
1942 1230 1994 1263 ut
2017 1222 2101 1264 nisi
2123 1223 2225 1280 quis
2254 1223 2493 1282 copiarum
2522 1226 2740 1271 Demetrii

1467 1304 1712 1333 numerum
1730 1291 1852 1335 ultra
1866 1306 2053 1335 omnem
2074 1292 2267 1336 modum
2291 1295 2501 1348 auxisset,
2522 1304 2588 1339 tot
2603 1299 2741 1343 millia

1466 1360 1708 1405 hominum
1730 1362 1967 1406 interfecta
1991 1378 2083 1407 esse
2103 1363 2321 1428 traderet.
2336 1366 2496 1423 Neque
2515 1368 2659 1411 aliena
2668 1370 2742 1412 vi-

1469 1431 1638 1476 dentur
1656 1433 1909 1477 aCardiani
1933 1435 2133 1493 ratione,
2160 1450 2261 1493 quae
2283 1444 2389 1495 post
2410 1452 2615 1496 pugnam
2639 1440 2743 1484 Plu-

1469 1504 1651 1548 tarchus
1671 1519 1711 1550 c.
1740 1502 1764 1546 5
1780 1506 2068 1549 Demetrium
2086 1507 2160 1550 vel
2178 1507 2341 1551 dixisse
2355 1509 2426 1551 vel
2448 1508 2602 1554 fecisse
2612 1510 2739 1566 dicit,

1468 1575 1704 1619 Diodorus
1726 1584 1878 1620 autem
1895 1578 2076 1622 silentio
2093 1579 2353 1622 transmisit.
2377 1580 2566 1624 Accedit
2585 1582 2653 1625 his
2673 1583 2743 1627 lo·-

1468 1647 1532 1690 cis
1549 1647 1748 1694 Diodor.
1782 1649 1926 1708 XIX,
1963 1649 2024 1708 93
2050 1657 2094 1693 et
2125 1650 2244 1694 Plut.
2282 1652 2485 1695 Demetr.
2511 1668 2559 1696 c.
2580 1653 2627 1699 6.
2653 1656 2743 1699 Ubi

1469 1732 1571 1779 quae
1591 1718 1807 1777 leguntur
1832 1719 1891 1764 de
1915 1721 2028 1764 Cille
2048 1737 2072 1765 a
2095 1723 2332 1766 Demetrio
2356 1732 2516 1781 capto,
2542 1723 2743 1770 dubitari

1473 1788 1552 1831 vix
1571 1797 1747 1848 potest,
1785 1792 1898 1848 quin
1922 1806 1979 1835 ex
2010 1791 2175 1836 eodem
2210 1793 2338 1838 sonte
2366 1798 2661 1843 manaverint.
2688 1800 2742 1843 In

1469 1860 1841 1918 expeditionibus
1863 1871 2016 1907 autem
2031 1896 2043 1918 ,
2063 1866 2239 1922 quasin
2269 1866 2504 1910 Nabataeos
2526 1876 2571 1910 et
2589 1868 2743 1912 Seleu·

1470 1945 1574 1974 cum
1594 1933 1855 1978 Demetrius
1878 1937 2128 1993 susceperit
2142 1969 2155 1991 ,
2192 1935 2441 1981 referendis
2464 1938 2585 1982 idem
2619 1949 2744 1984 certe

1469 2003 1594 2061 apud
1608 2013 1857 2064 utrumque
1873 2008 2143 2065 scriptorem
2156 2022 2308 2051 rerum
2323 2009 2441 2052 ordo
2454 2018 2659 2054 servatur
2674 2011 2741 2071 (⁹).

1469 2074 1639 2119 Contra
1666 2076 1724 2120 de
1748 2078 2063 2121 Halicarnasso
2094 2088 2359 2138 oppugnata
2378 2094 2404 2123 a
2427 2081 2672 2124 Ptolemaeo
2698 2091 2742 2125 et

1469 2146 1661 2192 liberata
1698 2149 1756 2192 ab
1790 2150 2024 2209 Antigono
2050 2149 2193 2208 (Plut.
2228 2153 2359 2196 Dent.
2398 2166 2423 2206 7
2460 2162 2574 2197 extr.
2593 2151 2739 2201 lnihil

1469 2219 1595 2276 apud
1612 2220 1874 2264 Diodorum
1906 2222 2150 2280 reperitur,
2173 2223 2253 2280 qui
2276 2223 2348 2266 vel
2371 2223 2490 2278 XX,
2508 2223 2586 2297 37
2613 2239 2742 2268 men·

1471 2291 1644 2334 tionem
1661 2292 1756 2348 ejus
1774 2307 1798 2334 ι
1800 2293 1841 2335 ei
1862 2292 2010 2336 facere
2029 2300 2233 2351 poterat.

1533 2365 1601 2408 «F.
1618 2364 1804 2409 divensis
1819 2365 2111 2410 Plutarchum
2124 2366 2284 2425 passim
2303 2366 2506 2410 sontibus
2526 2367 2738 2423 hausisse,

1468 2443 1694 2487 nusquam
1718 2430 1905 2474 fortasse
1932 2432 2219 2475 verisimilius
2234 2440 2299 2475 est
2318 2447 2455 2490 quam
2474 2434 2519 2475 in
2543 2433 2620 2491 iis,
2637 2447 2740 2491 quae

1470 2515 1576 2543 cum
1605 2501 1960 2546 Atheniensibus
1981 2504 2241 2546 Demetrius
2263 2504 2403 2561 egisse
2430 2502 2615 2549 dicitur.
2642 2505 2741 2547 Du·

1468 2571 1596 2615 bium
1621 2574 1744 2616 enim
1758 2588 1855 2616 non
1871 2565 1969 2629 est,
1999 2575 2113 2632 quin
2127 2575 2199 2618 vel
2218 2573 2406 2633 plurimi
2430 2573 2489 2617 de
2515 2574 2583 2617 bis
2605 2574 2744 2618 rebus

1471 2645 1780 2703 exposuerint.
1801 2645 1939 2690 Unde
1963 2647 2135 2690 etiamsi
2152 2647 2338 2705 gravior
2354 2647 2473 2688 inter
2491 2654 2740 2705 utrumque

1469 2724 1704 2760 auctorem
1724 2716 1938 2760 dissensio
1955 2732 2052 2761 non
2064 2726 2143 2772 est,
2162 2718 2302 2760 multa
2326 2726 2477 2759 tamen
2492 2726 2597 2760 sunt
2615 2718 2739 2776 apud

1469 2787 1763 2831 Plutarchum
1785 2788 1847 2845 (c.
1876 2787 2056 2846 8-14)
2081 2804 2181 2846 quae
2194 2788 2317 2847 apud
2331 2787 2588 2832 Diodorum
2606 2789 2738 2847 (XX,

1473 2856 1546 2910 45.
1568 2859 1654 2918 46)
1676 2859 2011 2914 desiderantur,
2031 2868 2076 2903 et
2091 2859 2149 2903 ad
2168 2861 2300 2903 aliam
2314 2874 2450 2918 quam
2471 2860 2739 2919 Hieronymi

1470 2930 1685 2975 Cardiani
1725 2933 2045 2975 auctoritatem
2077 2931 2336 2975 revocanda
2374 2931 2567 2986 suerint,
2610 2948 2654 2975 ν.
2697 2948 2739 2978 c.

1471 3017 1572 3060 quae
1596 3003 1654 3047 de
1674 3003 1883 3061 Stilpone
1906 3003 2172 3047 referuntur
2197 3003 2474 3062 philosopho
2494 3004 2742 3062 Megaremi

1471 3089 1511 3119 c.
1538 3090 1587 3133 9,
1605 3084 1651 3119 et
1674 3075 1732 3118 de
1751 3075 1950 3119 sordidis
1965 3075 2280 3119 adulatoribus
2296 3077 2539 3131 Demetrii,
2557 3076 2614 3119 ab
2639 3076 2743 3134 ipsis

1470 3146 1823 3190 Atheniensibus
1846 3147 2020 3190 derisis.

1538 3237 1556 3256 α
1570 3220 1640 3262 De
1662 3218 1787 3262 bello
1810 3219 1945 3262 etiam
1958 3218 2128 3276 Cyprio
2144 3216 2159 3276 ζ
2172 3217 2403 3262 Plutarch.
2433 3218 2636 3262 Demetr.
2667 3215 2739 3262 15.

1477 3288 1532 3332 16
1546 3323 1556 3332 .
1598 3289 1783 3334 Diodor
1810 3290 1928 3345 XX,
1970 3286 2158 3346 47-52
2172 3288 2184 3348 )
2198 3322 2210 3344 ,
2236 3290 2317 3332 etsi
2355 3290 2503 3347 gravis
2537 3288 2743 3346 inprimis

1471 3361 1745 3419 Hieronymi
1779 3361 2026 3404 auctoritas
2058 3360 2191 3404 fuisse
2213 3359 2411 3415 videtur,
2435 3359 2626 3403 dubium
2650 3366 2738 3415 est,

1469 3446 1581 3474 num
1599 3432 1883 3476 tantumdem
1898 3432 2305 3490 utriquescriptori
2321 3432 2527 3475 valuerit.
2547 3429 2739 3474 Diodori

1470 3504 1592 3547 enim
1618 3518 1897 3562 quamquam
1918 3504 2111 3547 uberior
2130 3504 2331 3547 narratio
2361 3510 2426 3546 est
2442 3536 2455 3556 ,
2478 3517 2573 3545 non
2595 3502 2741 3559 attigit

1471 3582 1625 3619 tamen
1647 3575 1732 3618 nisi
1755 3590 1856 3634 quae
1879 3574 1939 3619 ad
1961 3590 2059 3620 rem
2089 3574 2317 3629 facerent,
2343 3575 2496 3618 omisit
2529 3587 2740 3631 quaecun·

1471 3662 1562 3705 que
1581 3654 1757 3690 tantum
1781 3646 1841 3691 ad
1861 3654 2075 3691 ornatum
2093 3647 2391 3704 pertinerent.
2415 3647 2585 3689 Desunt
2602 3643 2740 3701 igitur

1472 3715 1647 3761 ἀπεῖλαι
1669 3713 1911 3776 κομπώδεις
1930 3716 2003 3762 καὶ
2021 3716 2209 3778 διάλογοι
2229 3732 2330 3775 quae
2359 3723 2461 3759 sunt
2477 3713 2599 3773 apud
2620 3714 2738 3757 Plut.

1471 3789 1606 3835 Dem.
1632 3804 1670 3833 c.
1712 3787 1785 3832 15.
1811 3788 1951 3848 Apud
1972 3788 2235 3850 Diodorum
2258 3786 2447 3831 navibus
2475 3785 2740 3829 Ptolemaeus

1471 3858 1678 3919 confligit
1697 3860 2001 3921 quadraginta
2024 3869 2069 3905 et
2098 3868 2278 3904 centum
2292 3891 2304 3913 ,
2327 3857 2581 3902 Demetrius
2611 3853 2737 3912 apud

1471 3930 1764 3974 Plutarchum
1788 3932 1979 3976 navibus
1998 3939 2181 3975 centum
2210 3929 2460 3988 octaginta,
2485 3924 2607 3985 apud
2626 3926 2736 3968 Dio·

1523 4069 1573 4118 (*)
1603 4069 1686 4108 Alio
1713 4071 1875 4109 auctore
1895 4080 1987 4109 usus
2001 4079 2085 4109 esse
2099 4068 2252 4107 videtur
2270 4065 2475 4105 Pausanias
2492 4066 2522 4110 1,
2538 4069 2576 4107 6.
2600 4068 2624 4100 6
2644 4073 2734 4100 nar·

1472 4138 1561 4166 rans
1579 4127 1628 4166 de
1647 4127 1783 4176 proelio
1802 4139 1825 4165 a
1848 4127 2046 4166 Demetrio
2065 4136 2153 4164 cum
2171 4124 2268 4165 Cille
2287 4121 2515 4161 commisso:
2542 4123 2604 4157 και
2634 4132 2735 4163 τινας

1471 4189 1546 4223 τῶν
1570 4185 1785 4234 Αἰγυπτίων
1808 4186 1974 4235 λοχήσας
1994 4184 2187 4233 διέφθειρεν
2203 4181 2247 4220 οὗ
2265 4179 2433 4221 πολλοὺς.
