<?xml version="1.0" encoding="UTF-8"?>
<!DOCTYPE html PUBLIC "-//W3C//DTD XHTML 1.0 Transitional//EN"
    "http://www.w3.org/TR/xhtml1/DTD/xhtml1-transitional.dtd">
<html xmlns="http://www.w3.org/1999/xhtml" xml:lang="en" lang="en">
 <head>
  <title>
</title>
<meta http-equiv="Content-Type" content="text/html;charset=utf-8" />
  <meta name='ocr-system' content='tesseract 3.04.00' />
  <meta name='ocr-capabilities' content='ocr_page ocr_carea ocr_par ocr_line ocrx_word'/>
</head>
<body>
  <div class='ocr_page' id='page_1' title='image "./fragmentahistori02mueluoft/fragmentahistori02mueluoft_0665.png"; bbox 0 0 3008 4542; ppageno 0'>
   <div class='ocr_carea' id='block_1_1' title="bbox 0 0 973 713">
    <p class='ocr_par' dir='ltr' id='par_1_1' title="bbox 0 0 973 713">
     <span class='ocr_line' id='line_1_1' title="bbox 8 0 208 360; baseline 0 0"><span class='ocrx_word' id='word_1_1' title='bbox 8 0 208 360; x_wconf 95' lang='lat' dir='ltr'>   </span> 
     </span>
     <span class='ocr_line' id='line_1_2' title="bbox 0 360 973 713; baseline 0 -217"><span class='ocrx_word' id='word_1_2' title='bbox 0 360 973 713; x_wconf 95' lang='lat' dir='ltr'>     </span> 
     </span>
    </p>
   </div>
   <div class='ocr_carea' id='block_1_2' title="bbox 511 734 1423 849">
    <p class='ocr_par' dir='ltr' id='par_1_2' title="bbox 511 734 1423 849">
     <span class='ocr_line' id='line_1_3' title="bbox 550 734 1423 779; baseline 0.006 -5"><span class='ocrx_word' id='word_1_3' title='bbox 550 736 584 774; x_wconf 86' lang='lat'>1.</span> <span class='ocrx_word' id='word_1_4' title='bbox 612 739 683 776; x_wconf 85' lang='grc'><strong>190</strong></span> <span class='ocrx_word' id='word_1_5' title='bbox 710 734 804 774; x_wconf 85' lang='lat' dir='ltr'>anni</span> <span class='ocrx_word' id='word_1_6' title='bbox 837 735 929 775; x_wconf 90' lang='lat' dir='ltr'>inde</span> <span class='ocrx_word' id='word_1_7' title='bbox 961 735 1011 775; x_wconf 89' lang='lat' dir='ltr'>ab</span> <span class='ocrx_word' id='word_1_8' title='bbox 1044 745 1147 776; x_wconf 87' lang='lat' dir='ltr'>anno</span> <span class='ocrx_word' id='word_1_9' title='bbox 1178 737 1276 778; x_wconf 82' lang='grc'><strong>3643</strong></span> <span class='ocrx_word' id='word_1_10' title='bbox 1300 741 1346 778; x_wconf 87' lang='grc' dir='ltr'>Α.</span> <span class='ocrx_word' id='word_1_11' title='bbox 1376 741 1423 779; x_wconf 85' lang='lat' dir='ltr'>C.</span> 
     </span>
     <span class='ocr_line' id='line_1_4' title="bbox 511 800 1273 849; baseline 0.001 -10"><span class='ocrx_word' id='word_1_12' title='bbox 511 800 579 846; x_wconf 68' lang='lat'>111.</span> <span class='ocrx_word' id='word_1_13' title='bbox 609 801 683 847; x_wconf 77' lang='grc'><strong>224</strong></span> <span class='ocrx_word' id='word_1_14' title='bbox 711 827 891 840; x_wconf 92' lang='grc'><strong>.....</strong></span> <span class='ocrx_word' id='word_1_15' title='bbox 904 834 908 839; x_wconf 95' lang='grc'>.</span> <span class='ocrx_word' id='word_1_16' title='bbox 923 828 1144 840; x_wconf 90' lang='grc'><strong>......</strong></span> <span class='ocrx_word' id='word_1_17' title='bbox 1173 803 1273 849; x_wconf 63' lang='lat'><strong>3453</strong></span> 
     </span>
    </p>
   </div>
   <div class='ocr_carea' id='block_1_3' title="bbox 368 738 471 785">
    <p class='ocr_par' dir='ltr' id='par_1_3' title="bbox 368 738 471 785">
     <span class='ocr_line' id='line_1_5' title="bbox 368 738 471 785; baseline -0.019 -9"><span class='ocrx_word' id='word_1_18' title='bbox 368 738 471 785; x_wconf 71' lang='lat' dir='ltr'>Dyn.</span> 
     </span>
    </p>
   </div>
   <div class='ocr_carea' id='block_1_4' title="bbox 52 865 1287 1419">
    <p class='ocr_par' dir='ltr' id='par_1_4' title="bbox 511 865 1272 906">
     <span class='ocr_line' id='line_1_6' title="bbox 511 865 1272 906; baseline 0.003 -3"><span class='ocrx_word' id='word_1_19' title='bbox 511 865 583 903; x_wconf 85' lang='lat' dir='ltr'>IV.</span> <span class='ocrx_word' id='word_1_20' title='bbox 615 867 687 903; x_wconf 84' lang='lat'>155</span> <span class='ocrx_word' id='word_1_21' title='bbox 715 892 1142 905; x_wconf 89' lang='grc'><strong>...........</strong></span> <span class='ocrx_word' id='word_1_22' title='bbox 1172 869 1272 906; x_wconf 85' lang='grc'>3229</span> 
     </span>
    </p>

    <p class='ocr_par' dir='ltr' id='par_1_5' title="bbox 511 926 1271 971">
     <span class='ocr_line' id='line_1_7' title="bbox 511 926 1271 971; baseline 0.004 -3"><span class='ocrx_word' id='word_1_23' title='bbox 511 926 582 968; x_wconf 78' lang='lat' dir='ltr'>vi.</span> <span class='ocrx_word' id='word_1_24' title='bbox 613 932 684 969; x_wconf 91' lang='grc'>107</span> <span class='ocrx_word' id='word_1_25' title='bbox 715 957 1142 970; x_wconf 87' lang='grc'><strong>...........</strong></span> <span class='ocrx_word' id='word_1_26' title='bbox 1171 934 1271 971; x_wconf 84' lang='grc'><strong>3074</strong></span> 
     </span>
    </p>

    <p class='ocr_par' dir='ltr' id='par_1_6' title="bbox 491 994 1267 1042">
     <span class='ocr_line' id='line_1_8' title="bbox 491 994 1267 1042; baseline 0.005 -11"><span class='ocrx_word' id='word_1_27' title='bbox 491 994 596 1042; x_wconf 78' lang='lat' dir='ltr'>vn..</span> <span class='ocrx_word' id='word_1_28' title='bbox 634 997 682 1032; x_wconf 84' lang='lat'>22</span> <span class='ocrx_word' id='word_1_29' title='bbox 713 1020 1140 1033; x_wconf 91' lang='grc'><strong>...........</strong></span> <span class='ocrx_word' id='word_1_30' title='bbox 1171 999 1267 1035; x_wconf 84' lang='lat'><strong>2967</strong></span> 
     </span>
    </p>

    <p class='ocr_par' dir='ltr' id='par_1_7' title="bbox 470 1057 1287 1108">
     <span class='ocr_line' id='line_1_9' title="bbox 470 1057 1287 1108; baseline 0.006 -13"><span class='ocrx_word' id='word_1_31' title='bbox 470 1057 578 1096; x_wconf 85' lang='lat' dir='ltr'>vm.</span> <span class='ocrx_word' id='word_1_32' title='bbox 608 1060 717 1100; x_wconf 44' lang='lat'>128..</span> <span class='ocrx_word' id='word_1_33' title='bbox 748 1085 760 1096; x_wconf 92' lang='lat'>.</span> <span class='ocrx_word' id='word_1_34' title='bbox 792 1085 803 1096; x_wconf 90' lang='lat'>.</span> <span class='ocrx_word' id='word_1_35' title='bbox 835 1085 846 1102; x_wconf 77' lang='lat'><em>,</em></span> <span class='ocrx_word' id='word_1_36' title='bbox 878 1084 1054 1096; x_wconf 88' lang='grc'><strong>.....</strong></span> <span class='ocrx_word' id='word_1_37' title='bbox 1069 1086 1099 1108; x_wconf 76' lang='lat'>.·</span> <span class='ocrx_word' id='word_1_38' title='bbox 1130 1087 1140 1097; x_wconf 88' lang='lat'>.</span> <span class='ocrx_word' id='word_1_39' title='bbox 1170 1062 1287 1101; x_wconf 71' lang='lat'>2945,</span> 
     </span>
    </p>

    <p class='ocr_par' dir='ltr' id='par_1_8' title="bbox 504 1123 1268 1171">
     <span class='ocr_line' id='line_1_10' title="bbox 504 1123 1268 1171; baseline 0.008 -11"><span class='ocrx_word' id='word_1_40' title='bbox 504 1123 574 1161; x_wconf 84' lang='lat' dir='ltr'>xl.</span> <span class='ocrx_word' id='word_1_41' title='bbox 631 1126 678 1162; x_wconf 87' lang='lat'><strong>16</strong></span> <span class='ocrx_word' id='word_1_42' title='bbox 708 1151 718 1161; x_wconf 92' lang='lat'>.</span> <span class='ocrx_word' id='word_1_43' title='bbox 751 1151 760 1161; x_wconf 90' lang='lat'>.</span> <span class='ocrx_word' id='word_1_44' title='bbox 793 1153 801 1162; x_wconf 94' lang='lat'>.</span> <span class='ocrx_word' id='word_1_45' title='bbox 835 1150 863 1171; x_wconf 44' lang='lat'>·.</span> <span class='ocrx_word' id='word_1_46' title='bbox 878 1150 1142 1163; x_wconf 91' lang='grc'><strong>.......</strong></span> <span class='ocrx_word' id='word_1_47' title='bbox 1171 1127 1268 1171; x_wconf 83' lang='lat'>28¹7</span> 
     </span>
    </p>

    <p class='ocr_par' dir='ltr' id='par_1_9' title="bbox 484 1187 1263 1236">
     <span class='ocr_line' id='line_1_11' title="bbox 484 1187 1263 1236; baseline 0.005 -12"><span class='ocrx_word' id='word_1_48' title='bbox 484 1187 572 1224; x_wconf 87' lang='lat' dir='ltr'>xu.</span> <span class='ocrx_word' id='word_1_49' title='bbox 605 1187 681 1225; x_wconf 69' lang='lat'>147</span> <span class='ocrx_word' id='word_1_50' title='bbox 708 1214 1012 1226; x_wconf 91' lang='grc'><strong>........</strong></span> <span class='ocrx_word' id='word_1_51' title='bbox 1024 1215 1053 1236; x_wconf 43' lang='grc'>,.</span> <span class='ocrx_word' id='word_1_52' title='bbox 1085 1214 1095 1225; x_wconf 95' lang='grc'>.</span> <span class='ocrx_word' id='word_1_53' title='bbox 1128 1213 1138 1223; x_wconf 95' lang='grc'><strong>.</strong></span> <span class='ocrx_word' id='word_1_54' title='bbox 1170 1192 1263 1228; x_wconf 81' lang='lat'>2801</span> 
     </span>
    </p>

    <p class='ocr_par' dir='ltr' id='par_1_10' title="bbox 52 1251 1277 1419">
     <span class='ocr_line' id='line_1_12' title="bbox 109 1251 1277 1298; baseline 0.007 -13.634"><span class='ocrx_word' id='word_1_55' title='bbox 109 1259 138 1298; x_wconf 38' lang='grc' dir='ltr'>ς,</span> <span class='ocrx_word' id='word_1_56' title='bbox 271 1266 274 1270; x_wconf 19' lang='grc' dir='ltr'><strong>Δ</strong></span> <span class='ocrx_word' id='word_1_57' title='bbox 464 1251 570 1290; x_wconf 83' lang='lat' dir='ltr'>xm.</span> <span class='ocrx_word' id='word_1_58' title='bbox 627 1255 677 1290; x_wconf 81' lang='lat'>86</span> <span class='ocrx_word' id='word_1_59' title='bbox 704 1278 1138 1291; x_wconf 90' lang='grc'><strong>...........</strong></span> <span class='ocrx_word' id='word_1_60' title='bbox 1169 1255 1277 1292; x_wconf 38' lang='grc'><strong>2664,</strong></span> 
     </span>
     <span class='ocr_line' id='line_1_13' title="bbox 52 1304 1266 1365; baseline -0.002 -8"><span class='ocrx_word' id='word_1_61' title='bbox 52 1304 133 1357; x_wconf 59' lang='lat'>³12</span> <span class='ocrx_word' id='word_1_62' title='bbox 212 1315 298 1354; x_wconf 82' lang='lat' dir='ltr'>xv.</span> <span class='ocrx_word' id='word_1_63' title='bbox 317 1314 568 1354; x_wconf 77' lang='lat' dir='ltr'>xv1.xvn.</span> <span class='ocrx_word' id='word_1_64' title='bbox 599 1317 674 1353; x_wconf 84' lang='lat'><strong>866</strong></span> <span class='ocrx_word' id='word_1_65' title='bbox 703 1313 895 1365; x_wconf 77' lang='lat' dir='ltr'>(nyksos)</span> <span class='ocrx_word' id='word_1_66' title='bbox 919 1343 1138 1354; x_wconf 89' lang='grc'><strong>......</strong></span> <span class='ocrx_word' id='word_1_67' title='bbox 1169 1319 1266 1355; x_wconf 83' lang='lat'><strong>2567</strong></span> 
     </span>
     <span class='ocr_line' id='line_1_14' title="bbox 75 1365 1267 1419; baseline 0.003 -4"><span class='ocrx_word' id='word_1_68' title='bbox 75 1365 78 1372; x_wconf 86' lang='lat'>&#39;</span> <span class='ocrx_word' id='word_1_69' title='bbox 120 1388 122 1395; x_wconf 95' lang='lat'><em>·</em></span> <span class='ocrx_word' id='word_1_70' title='bbox 426 1378 570 1419; x_wconf 82' lang='lat' dir='ltr'>xvm.</span> <span class='ocrx_word' id='word_1_71' title='bbox 600 1382 675 1418; x_wconf 84' lang='lat'>229</span> <span class='ocrx_word' id='word_1_72' title='bbox 705 1405 1139 1419; x_wconf 90' lang='grc'><strong>...........</strong></span> <span class='ocrx_word' id='word_1_73' title='bbox 1175 1383 1267 1418; x_wconf 84' lang='lat'><strong>1638</strong></span> 
     </span>
    </p>
   </div>
   <div class='ocr_carea' id='block_1_5' title="bbox 0 1439 2804 2850">
    <p class='ocr_par' dir='ltr' id='par_1_11' title="bbox 0 1439 2804 2850">
     <span class='ocr_line' id='line_1_15' title="bbox 0 1439 2804 2850; baseline 0 0"><span class='ocrx_word' id='word_1_74' title='bbox 0 1439 2804 2850; x_wconf 95' lang='lat' dir='ltr'>        </span> <span class='ocrx_word' id='word_1_75' title='bbox 2545 1444 2804 1446; x_wconf 95' lang='lat' dir='ltr'> </span> 
     </span>
    </p>
   </div>
   <div class='ocr_carea' id='block_1_6' title="bbox 589 1585 1011 1632">
    <p class='ocr_par' dir='ltr' id='par_1_12' title="bbox 589 1585 1011 1632">
     <span class='ocr_line' id='line_1_16' title="bbox 589 1585 1011 1632; baseline 0 0"><span class='ocrx_word' id='word_1_76' title='bbox 589 1585 734 1632; x_wconf 86' lang='lat' dir='ltr'><strong>lEPA</strong></span> <span class='ocrx_word' id='word_1_77' title='bbox 767 1585 1011 1632; x_wconf 82' lang='grc' dir='ltr'>ΒΙΒΑΟΣ.</span> 
     </span>
    </p>
   </div>
   <div class='ocr_carea' id='block_1_7' title="bbox 767 1707 841 1759">
    <p class='ocr_par' dir='ltr' id='par_1_13' title="bbox 767 1707 841 1759">
     <span class='ocr_line' id='line_1_17' title="bbox 767 1707 841 1759; baseline -0.054 0"><span class='ocrx_word' id='word_1_78' title='bbox 767 1707 841 1759; x_wconf 78' lang='lat'>74·</span> 
     </span>
    </p>
   </div>
   <div class='ocr_carea' id='block_1_8' title="bbox 51 1761 1052 1995">
    <p class='ocr_par' dir='ltr' id='par_1_14' title="bbox 51 1761 1052 1985">
     <span class='ocr_line' id='line_1_18' title="bbox 51 1761 1052 1904; baseline 0.016 -53"><span class='ocrx_word' id='word_1_79' title='bbox 51 1761 189 1904; x_wconf 58' lang='grc' dir='ltr'>Ξ</span> <span class='ocrx_word' id='word_1_80' title='bbox 177 1779 180 1784; x_wconf 34' lang='lat'><strong><em>¹</em></strong></span> <span class='ocrx_word' id='word_1_81' title='bbox 181 1811 1052 1899; x_wconf 68' lang='lat' dir='ltr'>Euseb.P.E.11p1ooem.p.4l2‚D</span> 
     </span>
     <span class='ocr_line' id='line_1_19' title="bbox 55 1934 116 1995; baseline 0 -10"><span class='ocrx_word' id='word_1_82' title='bbox 55 1934 116 1995; x_wconf 46' lang='grc' dir='ltr'>’ξε</span> 
     </span>
    </p>
   </div>
   <div class='ocr_carea' id='block_1_9' title="bbox 97 1649 126 1989">
    <p class='ocr_par' dir='ltr' id='par_1_15' title="bbox 97 1649 126 1989">
     <span class='ocr_line' id='line_1_20' title="bbox 97 1649 126 1989; baseline 0 -334"><span class='ocrx_word' id='word_1_83' title='bbox 97 1649 126 1989; x_wconf 95' lang='lat' dir='ltr'>  </span> 
     </span>
    </p>
   </div>
   <div class='ocr_carea' id='block_1_10' title="bbox 55 1654 190 1734">
    <p class='ocr_par' dir='ltr' id='par_1_16' title="bbox 55 1654 190 1734">
     <span class='ocr_line' id='line_1_21' title="bbox 55 1654 113 1682; baseline 0 -23"><span class='ocrx_word' id='word_1_84' title='bbox 55 1654 113 1682; x_wconf 29' lang='grc' dir='ltr'>ᾗῇ.</span> 
     </span>
     <span class='ocr_line' id='line_1_22' title="bbox 70 1674 190 1707; baseline 0 -6"><span class='ocrx_word' id='word_1_85' title='bbox 70 1674 111 1707; x_wconf 46' lang='grc' dir='ltr'>ιε...</span> <span class='ocrx_word' id='word_1_86' title='bbox 180 1686 190 1707; x_wconf 66' lang='lat'><em>3</em></span> 
     </span>
     <span class='ocr_line' id='line_1_23' title="bbox 72 1710 106 1734; baseline -0.059 0"><span class='ocrx_word' id='word_1_87' title='bbox 72 1710 106 1734; x_wconf 56' lang='lat' dir='ltr'>5.ss</span> 
     </span>
    </p>
   </div>
   <div class='ocr_carea' id='block_1_11' title="bbox 1076 1809 1448 1873">
    <p class='ocr_par' dir='ltr' id='par_1_17' title="bbox 1076 1809 1448 1873">
     <span class='ocr_line' id='line_1_24' title="bbox 1076 1809 1448 1873; baseline 0.003 -1"><span class='ocrx_word' id='word_1_88' title='bbox 1076 1810 1145 1872; x_wconf 82' lang='lat' dir='ltr'>(p</span> <span class='ocrx_word' id='word_1_89' title='bbox 1171 1827 1230 1872; x_wconf 91' lang='lat'>97</span> <span class='ocrx_word' id='word_1_90' title='bbox 1253 1812 1381 1857; x_wconf 82' lang='lat' dir='ltr'><strong>Gsfd·</strong></span> <span class='ocrx_word' id='word_1_91' title='bbox 1401 1809 1448 1873; x_wconf 91' lang='lat'>)·</span> 
     </span>
    </p>
   </div>
   <div class='ocr_carea' id='block_1_12' title="bbox 153 1871 1447 2165">
    <p class='ocr_par' dir='ltr' id='par_1_18' title="bbox 153 1871 1447 2161">
     <span class='ocr_line' id='line_1_25' title="bbox 157 1871 1447 1947; baseline 0.003 -23"><span class='ocrx_word' id='word_1_92' title='bbox 157 1875 313 1934; x_wconf 68' lang='grc' dir='ltr'>Πᾶσαν</span> <span class='ocrx_word' id='word_1_93' title='bbox 334 1879 411 1941; x_wconf 86' lang='grc' dir='ltr'>μὲν</span> <span class='ocrx_word' id='word_1_94' title='bbox 431 1871 503 1927; x_wconf 90' lang='grc' dir='ltr'>ουν</span> <span class='ocrx_word' id='word_1_95' title='bbox 540 1880 619 1936; x_wconf 85' lang='grc' dir='ltr'>τὴν</span> <span class='ocrx_word' id='word_1_96' title='bbox 652 1879 998 1944; x_wconf 69' lang='grc' dir='ltr'>Αἰγυπτιακὴνε</span> <span class='ocrx_word' id='word_1_97' title='bbox 989 1882 1174 1947; x_wconf 81' lang='grc' dir='ltr'>ιστορίαν</span> <span class='ocrx_word' id='word_1_98' title='bbox 1210 1883 1267 1935; x_wconf 85' lang='grc' dir='ltr'>εἷς</span> <span class='ocrx_word' id='word_1_99' title='bbox 1286 1880 1447 1935; x_wconf 79' lang='grc' dir='ltr'>πλάτος</span> 
     </span>
     <span class='ocr_line' id='line_1_26' title="bbox 156 1949 1445 2018; baseline 0 -18"><span class='ocrx_word' id='word_1_100' title='bbox 156 1968 230 2011; x_wconf 66' lang='grc' dir='ltr'>της</span> <span class='ocrx_word' id='word_1_101' title='bbox 254 1949 473 2008; x_wconf 84' lang='grc' dir='ltr'>Ἑλλήνων</span> <span class='ocrx_word' id='word_1_102' title='bbox 512 1951 740 2018; x_wconf 76' lang='grc' dir='ltr'>μετείληφε</span> <span class='ocrx_word' id='word_1_103' title='bbox 766 1955 908 2016; x_wconf 76' lang='grc' dir='ltr'>φωνῆς</span> <span class='ocrx_word' id='word_1_104' title='bbox 947 1952 1061 2006; x_wconf 84' lang='grc' dir='ltr'>ἰδίως</span> <span class='ocrx_word' id='word_1_105' title='bbox 1084 1971 1129 1999; x_wconf 87' lang='grc' dir='ltr'>τε</span> <span class='ocrx_word' id='word_1_106' title='bbox 1157 1951 1212 1999; x_wconf 85' lang='grc' dir='ltr'>τὰ</span> <span class='ocrx_word' id='word_1_107' title='bbox 1232 1952 1332 2017; x_wconf 82' lang='grc' dir='ltr'>περὶ</span> <span class='ocrx_word' id='word_1_108' title='bbox 1369 1956 1445 2011; x_wconf 71' lang='grc' dir='ltr'>τῆς</span> 
     </span>
     <span class='ocr_line' id='line_1_27' title="bbox 154 2022 1443 2087; baseline 0.001 -17"><span class='ocrx_word' id='word_1_109' title='bbox 154 2023 249 2075; x_wconf 61' lang='grc' dir='ltr'>τὸτ’</span> <span class='ocrx_word' id='word_1_110' title='bbox 293 2024 444 2078; x_wconf 79' lang='grc' dir='ltr'>αὐτους</span> <span class='ocrx_word' id='word_1_111' title='bbox 479 2022 697 2087; x_wconf 83' lang='grc' dir='ltr'>θεολογίας</span> <span class='ocrx_word' id='word_1_112' title='bbox 733 2027 940 2078; x_wconf 86' lang='grc' dir='ltr'>Μανεθῶς</span> <span class='ocrx_word' id='word_1_113' title='bbox 973 2028 995 2071; x_wconf 84' lang='grc' dir='ltr'><strong><em>ὃ</em></strong></span> <span class='ocrx_word' id='word_1_114' title='bbox 1034 2023 1297 2087; x_wconf 87' lang='grc' dir='ltr'>Αἰγύπτιος,</span> <span class='ocrx_word' id='word_1_115' title='bbox 1329 2023 1371 2071; x_wconf 86' lang='grc' dir='ltr'>ἔν</span> <span class='ocrx_word' id='word_1_116' title='bbox 1396 2043 1443 2071; x_wconf 88' lang='grc' dir='ltr'>τε</span> 
     </span>
     <span class='ocr_line' id='line_1_28' title="bbox 153 2088 1443 2165; baseline 0.002 -24"><span class='ocrx_word' id='word_1_117' title='bbox 153 2088 190 2165; x_wconf 66' lang='grc' dir='ltr'><em>ᾗ</em></span> <span class='ocrx_word' id='word_1_118' title='bbox 207 2093 475 2161; x_wconf 69' lang='grc' dir='ltr'>ἔγραψενε</span> <span class='ocrx_word' id='word_1_119' title='bbox 485 2099 605 2162; x_wconf 75' lang='grc' dir='ltr'>Ιερᾷ</span> <span class='ocrx_word' id='word_1_120' title='bbox 635 2094 810 2160; x_wconf 77' lang='grc' dir='ltr'>βίὸλω</span> <span class='ocrx_word' id='word_1_121' title='bbox 833 2095 918 2142; x_wconf 84' lang='grc' dir='ltr'>καὶ</span> <span class='ocrx_word' id='word_1_122' title='bbox 951 2097 1003 2142; x_wconf 81' lang='grc' dir='ltr'>ἐν</span> <span class='ocrx_word' id='word_1_123' title='bbox 1031 2094 1237 2159; x_wconf 80' lang='grc' dir='ltr'>ἑτέροις</span> <span class='ocrx_word' id='word_1_124' title='bbox 1276 2097 1443 2143; x_wconf 77' lang='grc' dir='ltr'>αὐτοῦ</span> 
     </span>
    </p>
   </div>
   <div class='ocr_carea' id='block_1_13' title="bbox 44 2037 573 2414">
    <p class='ocr_par' dir='ltr' id='par_1_19' title="bbox 44 2037 548 2414">
     <span class='ocr_line' id='line_1_29' title="bbox 60 2037 100 2078; baseline 0 -6"><span class='ocrx_word' id='word_1_125' title='bbox 60 2037 100 2078; x_wconf 67' lang='lat'>32⁴⁴.</span> 
     </span>
     <span class='ocr_line' id='line_1_30' title="bbox 50 2088 106 2148; baseline 0 -12"><span class='ocrx_word' id='word_1_126' title='bbox 50 2088 106 2148; x_wconf 51' lang='lat'>4⁵2}</span> 
     </span>
     <span class='ocr_line' id='line_1_31' title="bbox 44 2138 573 2302; baseline -0.002 -89"><span class='ocrx_word' id='word_1_127' title='bbox 44 2138 123 2302; x_wconf 57' lang='grc' dir='ltr'><em>ξ</em></span> <span class='ocrx_word' id='word_1_128' title='bbox 153 2166 573 2232; x_wconf 76' lang='grc' dir='ltr'>συγγράμμασι.</span> 
     </span>
     <span class='ocr_line' id='line_1_32' title="bbox 48 2247 102 2414; baseline 0 0"><span class='ocrx_word' id='word_1_129' title='bbox 48 2247 102 2414; x_wconf 60' lang='grc' dir='ltr'>ἕξ</span> 
     </span>
    </p>
   </div>
   <div class='ocr_carea' id='block_1_14' title="bbox 61 1986 102 2031">
    <p class='ocr_par' dir='ltr' id='par_1_20' title="bbox 61 1986 102 2031">
     <span class='ocr_line' id='line_1_33' title="bbox 61 1986 102 2031; baseline 0 -6"><span class='ocrx_word' id='word_1_130' title='bbox 61 1986 71 2019; x_wconf 66' lang='lat'><em>3</em></span> <span class='ocrx_word' id='word_1_131' title='bbox 70 2001 102 2031; x_wconf 86' lang='lat'><strong>6</strong></span> 
     </span>
    </p>
   </div>
   <div class='ocr_carea' id='block_1_15' title="bbox 42 2228 1445 2520">
    <p class='ocr_par' dir='ltr' id='par_1_21' title="bbox 42 2228 1445 2520">
     <span class='ocr_line' id='line_1_34' title="bbox 215 2228 1445 2301; baseline 0.001 -16"><span class='ocrx_word' id='word_1_132' title='bbox 215 2243 320 2286; x_wconf 84' lang='lat' dir='ltr'>Huc</span> <span class='ocrx_word' id='word_1_133' title='bbox 339 2242 476 2286; x_wconf 86' lang='lat' dir='ltr'>etiam</span> <span class='ocrx_word' id='word_1_134' title='bbox 503 2243 738 2301; x_wconf 78' lang='lat' dir='ltr'><strong>pertinent</strong></span> <span class='ocrx_word' id='word_1_135' title='bbox 767 2228 910 2285; x_wconf 78' lang='lat' dir='ltr'>veiha</span> <span class='ocrx_word' id='word_1_136' title='bbox 942 2241 1259 2285; x_wconf 82' lang='lat' dir='ltr'>Theodoreti&#39;</span> <span class='ocrx_word' id='word_1_137' title='bbox 1246 2257 1296 2285; x_wconf 87' lang='lat' dir='ltr'>m</span> <span class='ocrx_word' id='word_1_138' title='bbox 1324 2243 1445 2286; x_wconf 91' lang='lat' dir='ltr'>The-</span> 
     </span>
     <span class='ocr_line' id='line_1_35' title="bbox 153 2303 1440 2375; baseline 0.001 -16.926"><span class='ocrx_word' id='word_1_139' title='bbox 153 2303 331 2373; x_wconf 79' lang='lat' dir='ltr'>rapeut.</span> <span class='ocrx_word' id='word_1_140' title='bbox 357 2315 403 2357; x_wconf 95' lang='lat' dir='ltr'>II</span> <span class='ocrx_word' id='word_1_141' title='bbox 426 2329 474 2373; x_wconf 91' lang='lat' dir='ltr'>p.</span> <span class='ocrx_word' id='word_1_142' title='bbox 504 2314 605 2367; x_wconf 85' lang='grc'>34;</span> <span class='ocrx_word' id='word_1_143' title='bbox 633 2309 843 2365; x_wconf 87' lang='grc' dir='ltr'>Μανεθως</span> <span class='ocrx_word' id='word_1_144' title='bbox 865 2310 920 2358; x_wconf 81' lang='grc' dir='ltr'>τὰ</span> <span class='ocrx_word' id='word_1_145' title='bbox 935 2311 1032 2375; x_wconf 83' lang='grc' dir='ltr'>περὶ</span> <span class='ocrx_word' id='word_1_146' title='bbox 1057 2308 1301 2367; x_wconf 85' lang='grc' dir='ltr'>Ἴσιδοςκαι</span> <span class='ocrx_word' id='word_1_147' title='bbox 1319 2311 1440 2359; x_wconf 82' lang='grc' dir='ltr'>Ὀσί·</span> 
     </span>
     <span class='ocr_line' id='line_1_36' title="bbox 153 2379 1442 2448; baseline -0.001 -18.058"><span class='ocrx_word' id='word_1_148' title='bbox 153 2384 264 2447; x_wconf 84' lang='grc' dir='ltr'>ριδος</span> <span class='ocrx_word' id='word_1_149' title='bbox 288 2383 360 2430; x_wconf 82' lang='grc' dir='ltr'>καὶ</span> <span class='ocrx_word' id='word_1_150' title='bbox 379 2379 551 2437; x_wconf 71' lang='grc' dir='ltr'>Ἄπιδος</span> <span class='ocrx_word' id='word_1_151' title='bbox 571 2382 644 2431; x_wconf 78' lang='grc' dir='ltr'>καὶ</span> <span class='ocrx_word' id='word_1_152' title='bbox 666 2382 909 2448; x_wconf 88' lang='grc' dir='ltr'>Σαράπιδος</span> <span class='ocrx_word' id='word_1_153' title='bbox 929 2382 1002 2430; x_wconf 83' lang='grc' dir='ltr'>καὶ</span> <span class='ocrx_word' id='word_1_154' title='bbox 1039 2386 1122 2429; x_wconf 82' lang='grc' dir='ltr'>τῶν</span> <span class='ocrx_word' id='word_1_155' title='bbox 1139 2382 1297 2429; x_wconf 67' lang='grc' dir='ltr'>ἄλλων</span> <span class='ocrx_word' id='word_1_156' title='bbox 1340 2385 1442 2429; x_wconf 87' lang='grc' dir='ltr'>θεων</span> 
     </span>
     <span class='ocr_line' id='line_1_37' title="bbox 42 2455 840 2520; baseline 0.004 -18"><span class='ocrx_word' id='word_1_157' title='bbox 42 2483 43 2486; x_wconf 36' lang='lat'>¹</span> <span class='ocrx_word' id='word_1_158' title='bbox 153 2457 238 2502; x_wconf 81' lang='grc' dir='ltr'>τῶν</span> <span class='ocrx_word' id='word_1_159' title='bbox 263 2455 513 2518; x_wconf 82' lang='grc' dir='ltr'>Αἰγυπτίων</span> <span class='ocrx_word' id='word_1_160' title='bbox 534 2455 840 2520; x_wconf 79' lang='grc' dir='ltr'>ἓμυθολόγησε.</span> 
     </span>
    </p>
   </div>
   <div class='ocr_carea' id='block_1_16' title="bbox 763 2572 840 2629">
    <p class='ocr_par' dir='ltr' id='par_1_22' title="bbox 763 2572 840 2629">
     <span class='ocr_line' id='line_1_38' title="bbox 763 2572 840 2629; baseline 0 -12"><span class='ocrx_word' id='word_1_161' title='bbox 763 2572 840 2629; x_wconf 83' lang='lat'>75.</span> 
     </span>
    </p>
   </div>
   <div class='ocr_carea' id='block_1_17' title="bbox 0 2680 1442 3244">
    <p class='ocr_par' dir='ltr' id='par_1_23' title="bbox 0 2680 1442 2960">
     <span class='ocr_line' id='line_1_39' title="bbox 215 2680 1441 2742; baseline -0.002 -16"><span class='ocrx_word' id='word_1_162' title='bbox 215 2682 446 2728; x_wconf 87' lang='lat' dir='ltr'><strong>Plutarch.</strong></span> <span class='ocrx_word' id='word_1_163' title='bbox 481 2684 551 2725; x_wconf 91' lang='lat' dir='ltr'>De</span> <span class='ocrx_word' id='word_1_164' title='bbox 575 2683 631 2726; x_wconf 87' lang='lat' dir='ltr'>Is.</span> <span class='ocrx_word' id='word_1_165' title='bbox 657 2690 702 2725; x_wconf 89' lang='lat' dir='ltr'>et</span> <span class='ocrx_word' id='word_1_166' title='bbox 723 2683 842 2726; x_wconf 86' lang='lat' dir='ltr'>Osir.</span> <span class='ocrx_word' id='word_1_167' title='bbox 887 2697 925 2726; x_wconf 90' lang='lat' dir='ltr'>c.</span> <span class='ocrx_word' id='word_1_168' title='bbox 953 2698 982 2740; x_wconf 86' lang='lat'><strong>9</strong></span> <span class='ocrx_word' id='word_1_169' title='bbox 1020 2691 1069 2742; x_wconf 87' lang='lat' dir='ltr'>p&#39;.</span> <span class='ocrx_word' id='word_1_170' title='bbox 1092 2680 1204 2740; x_wconf 83' lang='grc'>354,</span> <span class='ocrx_word' id='word_1_171' title='bbox 1238 2682 1280 2724; x_wconf 95' lang='lat' dir='ltr'>D</span> <span class='ocrx_word' id='word_1_172' title='bbox 1308 2695 1317 2726; x_wconf 93' lang='lat'><strong>:</strong></span> <span class='ocrx_word' id='word_1_173' title='bbox 1342 2680 1441 2726; x_wconf 83' lang='grc' dir='ltr'>Τῶν</span> 
     </span>
     <span class='ocr_line' id='line_1_40' title="bbox 149 2750 1442 2815; baseline -0.001 -15.148"><span class='ocrx_word' id='word_1_174' title='bbox 149 2754 321 2800; x_wconf 78' lang='grc' dir='ltr'>πολλῶν</span> <span class='ocrx_word' id='word_1_175' title='bbox 361 2750 616 2814; x_wconf 88' lang='grc' dir='ltr'>νομιζόντων</span> <span class='ocrx_word' id='word_1_176' title='bbox 652 2751 757 2798; x_wconf 82' lang='grc' dir='ltr'>ἴδιον</span> <span class='ocrx_word' id='word_1_177' title='bbox 783 2751 886 2815; x_wconf 89' lang='grc' dir='ltr'>παρ’</span> <span class='ocrx_word' id='word_1_178' title='bbox 910 2750 1158 2813; x_wconf 84' lang='grc' dir='ltr'>Αἰγυπτίοις</span> <span class='ocrx_word' id='word_1_179' title='bbox 1191 2750 1326 2812; x_wconf 86' lang='grc' dir='ltr'>ὄνομα</span> <span class='ocrx_word' id='word_1_180' title='bbox 1369 2755 1442 2798; x_wconf 77' lang='grc' dir='ltr'>τοῦ</span> 
     </span>
     <span class='ocr_line' id='line_1_41' title="bbox 0 2817 1442 2889; baseline -0.002 -17"><span class='ocrx_word' id='word_1_181' title='bbox 0 2852 1 2858; x_wconf 66' lang='lat'><em>=</em></span> <span class='ocrx_word' id='word_1_182' title='bbox 63 2861 70 2867; x_wconf 55' lang='lat'>2</span> <span class='ocrx_word' id='word_1_183' title='bbox 149 2824 248 2877; x_wconf 82' lang='grc' dir='ltr'>Διὸς</span> <span class='ocrx_word' id='word_1_184' title='bbox 268 2817 375 2871; x_wconf 69' lang='grc' dir='ltr'>εἶναι</span> <span class='ocrx_word' id='word_1_185' title='bbox 394 2824 465 2871; x_wconf 79' lang='grc' dir='ltr'>τὸν</span> <span class='ocrx_word' id='word_1_186' title='bbox 487 2823 640 2885; x_wconf 78' lang='grc' dir='ltr'>Ἀμοῦν</span> <span class='ocrx_word' id='word_1_187' title='bbox 663 2823 709 2889; x_wconf 71' lang='grc' dir='ltr'>(ὃ</span> <span class='ocrx_word' id='word_1_188' title='bbox 729 2824 990 2888; x_wconf 81' lang='grc' dir='ltr'>παράγοντες</span> <span class='ocrx_word' id='word_1_189' title='bbox 1003 2826 1127 2886; x_wconf 79' lang='grc' dir='ltr'>ἡμεῖς</span> <span class='ocrx_word' id='word_1_190' title='bbox 1136 2821 1346 2884; x_wconf 85' lang='grc' dir='ltr'>Ἄμμωνα</span> <span class='ocrx_word' id='word_1_191' title='bbox 1366 2821 1442 2869; x_wconf 85' lang='grc' dir='ltr'>λε’-</span> 
     </span>
     <span class='ocr_line' id='line_1_42' title="bbox 0 2892 1442 2960; baseline -0.003 -16"><span class='ocrx_word' id='word_1_192' title='bbox 0 2896 1 2902; x_wconf 56' lang='grc'>’</span> <span class='ocrx_word' id='word_1_193' title='bbox 106 2955 108 2957; x_wconf 73' lang='lat'>.</span> <span class='ocrx_word' id='word_1_194' title='bbox 149 2895 335 2960; x_wconf 80' lang='grc' dir='ltr'>γομεν),</span> <span class='ocrx_word' id='word_1_195' title='bbox 361 2895 569 2950; x_wconf 87' lang='grc' dir='ltr'>Μανεθὼς</span> <span class='ocrx_word' id='word_1_196' title='bbox 608 2895 683 2959; x_wconf 82' lang='grc' dir='ltr'>μὲν</span> <span class='ocrx_word' id='word_1_197' title='bbox 718 2899 739 2942; x_wconf 88' lang='grc' dir='ltr'>ὃ</span> <span class='ocrx_word' id='word_1_198' title='bbox 776 2896 1038 2953; x_wconf 72' lang='grc' dir='ltr'>Σεὸεννύτης</span> <span class='ocrx_word' id='word_1_199' title='bbox 1077 2895 1125 2941; x_wconf 85' lang='grc' dir='ltr'>τὸ</span> <span class='ocrx_word' id='word_1_200' title='bbox 1150 2892 1442 2959; x_wconf 84' lang='grc' dir='ltr'>κεκρυμμένον</span> 
     </span>
    </p>

    <p class='ocr_par' dir='ltr' id='par_1_24' title="bbox 99 2965 1440 3244">
     <span class='ocr_line' id='line_1_43' title="bbox 150 2965 1439 3034; baseline -0.005 -18"><span class='ocrx_word' id='word_1_201' title='bbox 150 2965 284 3016; x_wconf 71' lang='grc' dir='ltr'>οἴεται</span> <span class='ocrx_word' id='word_1_202' title='bbox 303 2968 377 3016; x_wconf 82' lang='grc' dir='ltr'>καὶ</span> <span class='ocrx_word' id='word_1_203' title='bbox 399 2967 477 3027; x_wconf 84' lang='grc' dir='ltr'>τὴν</span> <span class='ocrx_word' id='word_1_204' title='bbox 490 2968 643 3034; x_wconf 78' lang='grc' dir='ltr'>κρύψιν</span> <span class='ocrx_word' id='word_1_205' title='bbox 661 2967 743 3024; x_wconf 67' lang='grc' dir='ltr'>ῥπὸ</span> <span class='ocrx_word' id='word_1_206' title='bbox 760 2968 917 3025; x_wconf 87' lang='grc' dir='ltr'>ταύτης</span> <span class='ocrx_word' id='word_1_207' title='bbox 933 2969 1163 3026; x_wconf 75' lang='grc' dir='ltr'>δηλοῦσθαι</span> <span class='ocrx_word' id='word_1_208' title='bbox 1187 2970 1262 3021; x_wconf 65' lang='grc' dir='ltr'>τῆς</span> <span class='ocrx_word' id='word_1_209' title='bbox 1285 2969 1439 3031; x_wconf 72' lang='grc' dir='ltr'>φωνῆς.</span> 
     </span>
     <span class='ocr_line' id='line_1_44' title="bbox 151 3041 1440 3102; baseline -0.005 -11"><span class='ocrx_word' id='word_1_210' title='bbox 151 3041 221 3091; x_wconf 80' lang='lat' dir='ltr'>Cf.</span> <span class='ocrx_word' id='word_1_211' title='bbox 250 3044 442 3087; x_wconf 72' lang='lat' dir='ltr'>Hecataei</span> <span class='ocrx_word' id='word_1_212' title='bbox 466 3043 677 3087; x_wconf 88' lang='lat' dir='ltr'>Abderit.</span> <span class='ocrx_word' id='word_1_213' title='bbox 698 3042 755 3088; x_wconf 86' lang='lat' dir='ltr'>fr.</span> <span class='ocrx_word' id='word_1_214' title='bbox 781 3059 826 3102; x_wconf 87' lang='lat'>9.</span> <span class='ocrx_word' id='word_1_215' title='bbox 853 3042 1053 3098; x_wconf 85' lang='lat' dir='ltr'>Eadem,</span> <span class='ocrx_word' id='word_1_216' title='bbox 1081 3057 1180 3085; x_wconf 89' lang='lat' dir='ltr'>non</span> <span class='ocrx_word' id='word_1_217' title='bbox 1201 3041 1440 3084; x_wconf 84' lang='lat' dir='ltr'>nominato</span> 
     </span>
     <span class='ocr_line' id='line_1_45' title="bbox 99 3110 1438 3172; baseline -0.002 -14"><span class='ocrx_word' id='word_1_218' title='bbox 99 3110 102 3112; x_wconf 54' lang='grc'>’</span> <span class='ocrx_word' id='word_1_219' title='bbox 150 3112 458 3168; x_wconf 75' lang='lat' dir='ltr'>Manethone,</span> <span class='ocrx_word' id='word_1_220' title='bbox 482 3112 617 3157; x_wconf 84' lang='lat' dir='ltr'>affert</span> <span class='ocrx_word' id='word_1_221' title='bbox 632 3114 911 3157; x_wconf 85' lang='lat' dir='ltr'><strong>lamblichus</strong></span> <span class='ocrx_word' id='word_1_222' title='bbox 941 3115 1012 3157; x_wconf 91' lang='lat' dir='ltr'>De</span> <span class='ocrx_word' id='word_1_223' title='bbox 1046 3113 1270 3172; x_wconf 87' lang='lat' dir='ltr'><strong>mysteriis</strong></span> <span class='ocrx_word' id='word_1_224' title='bbox 1302 3112 1438 3168; x_wconf 85' lang='lat' dir='ltr'><strong>VIII,</strong></span> 
     </span>
     <span class='ocr_line' id='line_1_46' title="bbox 154 3182 1436 3244; baseline -0.002 -15"><span class='ocrx_word' id='word_1_225' title='bbox 154 3184 205 3240; x_wconf 85' lang='lat'>3,</span> <span class='ocrx_word' id='word_1_226' title='bbox 225 3200 274 3244; x_wconf 87' lang='lat' dir='ltr'>p.</span> <span class='ocrx_word' id='word_1_227' title='bbox 306 3182 412 3244; x_wconf 85' lang='lat'>159.</span> <span class='ocrx_word' id='word_1_228' title='bbox 443 3185 512 3230; x_wconf 88' lang='lat' dir='ltr'>Cf.</span> <span class='ocrx_word' id='word_1_229' title='bbox 532 3185 873 3244; x_wconf 88' lang='lat' dir='ltr'>Champollion.</span> <span class='ocrx_word' id='word_1_230' title='bbox 904 3185 1108 3231; x_wconf 82' lang='lat' dir='ltr'>Gramm:</span> <span class='ocrx_word' id='word_1_231' title='bbox 1133 3187 1299 3243; x_wconf 79' lang='lat' dir='ltr'>AEg.p.</span> <span class='ocrx_word' id='word_1_232' title='bbox 1326 3184 1436 3243; x_wconf 89' lang='lat'><strong>269,</strong></span> 
     </span>
    </p>
   </div>
   <div class='ocr_carea' id='block_1_18' title="bbox 35 2415 93 2599">
    <p class='ocr_par' dir='ltr' id='par_1_25' title="bbox 35 2415 93 2599">
     <span class='ocr_line' id='line_1_47' title="bbox 35 2415 93 2599; baseline 0 1943"><span class='ocrx_word' id='word_1_233' title='bbox 35 2415 93 2599; x_wconf 95' lang='lat' dir='ltr'> </span> 
     </span>
    </p>
   </div>
   <div class='ocr_carea' id='block_1_19' title="bbox 577 3322 1008 3370">
    <p class='ocr_par' dir='ltr' id='par_1_26' title="bbox 577 3322 1008 3370">
     <span class='ocr_line' id='line_1_48' title="bbox 577 3322 1008 3370; baseline -0.005 -1"><span class='ocrx_word' id='word_1_234' title='bbox 577 3323 761 3369; x_wconf 68' lang='lat' dir='ltr'>[ABER</span> <span class='ocrx_word' id='word_1_235' title='bbox 799 3322 1008 3370; x_wconf 86' lang='lat' dir='ltr'>SACER.</span> 
     </span>
    </p>
   </div>
   <div class='ocr_carea' id='block_1_20' title="bbox 751 3417 822 3457">
    <p class='ocr_par' dir='ltr' id='par_1_27' title="bbox 751 3417 822 3457">
     <span class='ocr_line' id='line_1_49' title="bbox 751 3417 822 3457; baseline -0.014 0"><span class='ocrx_word' id='word_1_236' title='bbox 751 3417 822 3457; x_wconf 80' lang='lat'>74.</span> 
     </span>
    </p>
   </div>
   <div class='ocr_carea' id='block_1_21' title="bbox 150 3491 1440 4062">
    <p class='ocr_par' dir='ltr' id='par_1_28' title="bbox 150 3491 1438 3737">
     <span class='ocr_line' id='line_1_50' title="bbox 203 3491 1438 3543; baseline 0.002 -15"><span class='ocrx_word' id='word_1_237' title='bbox 203 3491 388 3529; x_wconf 83' lang='lat' dir='ltr'>Manetho</span> <span class='ocrx_word' id='word_1_238' title='bbox 425 3491 631 3541; x_wconf 81' lang='lat' dir='ltr'>AEgyptius</span> <span class='ocrx_word' id='word_1_239' title='bbox 669 3491 873 3531; x_wconf 81' lang='lat' dir='ltr'><strong>historiam</strong></span> <span class='ocrx_word' id='word_1_240' title='bbox 906 3493 1179 3543; x_wconf 84' lang='lat' dir='ltr'>AEgyptiorum</span> <span class='ocrx_word' id='word_1_241' title='bbox 1215 3492 1438 3532; x_wconf 88' lang='lat' dir='ltr'>universam</span> 
     </span>
     <span class='ocr_line' id='line_1_51' title="bbox 151 3554 1438 3607; baseline 0.002 -14"><span class='ocrx_word' id='word_1_242' title='bbox 151 3555 302 3594; x_wconf 80' lang='lat' dir='ltr'>Graecis</span> <span class='ocrx_word' id='word_1_243' title='bbox 326 3554 450 3595; x_wconf 88' lang='lat' dir='ltr'>literis</span> <span class='ocrx_word' id='word_1_244' title='bbox 478 3556 564 3595; x_wconf 83' lang='lat' dir='ltr'>fuse</span> <span class='ocrx_word' id='word_1_245' title='bbox 594 3555 808 3596; x_wconf 84' lang='lat' dir='ltr'><strong>admodum</strong></span> <span class='ocrx_word' id='word_1_246' title='bbox 835 3557 1070 3607; x_wconf 83' lang='lat' dir='ltr'>explicavit,</span> <span class='ocrx_word' id='word_1_247' title='bbox 1098 3557 1315 3607; x_wconf 84' lang='lat' dir='ltr'>praesertim</span> <span class='ocrx_word' id='word_1_248' title='bbox 1345 3567 1438 3596; x_wconf 87' lang='lat' dir='ltr'>vero</span> 
     </span>
     <span class='ocr_line' id='line_1_52' title="bbox 150 3619 1437 3672; baseline 0.002 -14"><span class='ocrx_word' id='word_1_249' title='bbox 150 3630 241 3670; x_wconf 80' lang='lat' dir='ltr'>quae</span> <span class='ocrx_word' id='word_1_250' title='bbox 256 3619 304 3659; x_wconf 90' lang='lat' dir='ltr'>ad</span> <span class='ocrx_word' id='word_1_251' title='bbox 320 3620 492 3671; x_wconf 82' lang='lat' dir='ltr'>ipsorum</span> <span class='ocrx_word' id='word_1_252' title='bbox 501 3621 736 3672; x_wconf 81' lang='lat' dir='ltr'><strong>theologiam</strong></span> <span class='ocrx_word' id='word_1_253' title='bbox 748 3622 995 3672; x_wconf 83' lang='lat' dir='ltr'>pertinebant</span> <span class='ocrx_word' id='word_1_254' title='bbox 1007 3633 1131 3672; x_wconf 90' lang='lat' dir='ltr'><strong>quum</strong></span> <span class='ocrx_word' id='word_1_255' title='bbox 1144 3622 1184 3660; x_wconf 91' lang='lat' dir='ltr'>in</span> <span class='ocrx_word' id='word_1_256' title='bbox 1196 3632 1306 3662; x_wconf 82' lang='lat' dir='ltr'><strong>sacro</strong></span> <span class='ocrx_word' id='word_1_257' title='bbox 1320 3622 1437 3661; x_wconf 85' lang='lat' dir='ltr'><strong>volu-</strong></span> 
     </span>
     <span class='ocr_line' id='line_1_53' title="bbox 152 3684 1384 3737; baseline 0.002 -14"><span class='ocrx_word' id='word_1_258' title='bbox 152 3684 259 3724; x_wconf 86' lang='lat' dir='ltr'>mine</span> <span class='ocrx_word' id='word_1_259' title='bbox 274 3686 362 3724; x_wconf 88' lang='lat' dir='ltr'>tum</span> <span class='ocrx_word' id='word_1_260' title='bbox 377 3685 418 3723; x_wconf 91' lang='lat' dir='ltr'>in</span> <span class='ocrx_word' id='word_1_261' title='bbox 437 3685 522 3725; x_wconf 80' lang='lat' dir='ltr'>ali1s</span> <span class='ocrx_word' id='word_1_262' title='bbox 541 3685 780 3736; x_wconf 89' lang='lat' dir='ltr'>quibusdam</span> <span class='ocrx_word' id='word_1_263' title='bbox 795 3686 1062 3727; x_wconf 85' lang='lat' dir='ltr'>voluminibus</span> <span class='ocrx_word' id='word_1_264' title='bbox 1077 3685 1384 3737; x_wconf 84' lang='lat' dir='ltr'>comprehendit.</span> 
     </span>
    </p>

    <p class='ocr_par' dir='ltr' id='par_1_29' title="bbox 153 3748 1440 3865">
     <span class='ocr_line' id='line_1_54' title="bbox 203 3748 1440 3802; baseline 0.004 -16"><span class='ocrx_word' id='word_1_265' title='bbox 203 3748 390 3788; x_wconf 87' lang='lat' dir='ltr'>Manetho</span> <span class='ocrx_word' id='word_1_266' title='bbox 408 3748 458 3788; x_wconf 91' lang='lat' dir='ltr'>de</span> <span class='ocrx_word' id='word_1_267' title='bbox 483 3749 584 3789; x_wconf 84' lang='lat' dir='ltr'>iside</span> <span class='ocrx_word' id='word_1_268' title='bbox 599 3752 640 3790; x_wconf 89' lang='lat' dir='ltr'>et</span> <span class='ocrx_word' id='word_1_269' title='bbox 654 3750 806 3790; x_wconf 85' lang='lat' dir='ltr'>osiride</span> <span class='ocrx_word' id='word_1_270' title='bbox 821 3751 860 3790; x_wconf 89' lang='lat' dir='ltr'>et</span> <span class='ocrx_word' id='word_1_271' title='bbox 880 3750 1003 3800; x_wconf 82' lang='lat' dir='ltr'>Apide</span> <span class='ocrx_word' id='word_1_272' title='bbox 1031 3752 1071 3791; x_wconf 89' lang='lat' dir='ltr'>et</span> <span class='ocrx_word' id='word_1_273' title='bbox 1101 3751 1286 3801; x_wconf 87' lang='lat' dir='ltr'>Sarapide</span> <span class='ocrx_word' id='word_1_274' title='bbox 1312 3750 1440 3802; x_wconf 85' lang='lat' dir='ltr'>deque</span> 
     </span>
     <span class='ocr_line' id='line_1_55' title="bbox 153 3810 1072 3865; baseline 0.003 -15"><span class='ocrx_word' id='word_1_275' title='bbox 153 3810 315 3861; x_wconf 86' lang='lat' dir='ltr'>reliquis</span> <span class='ocrx_word' id='word_1_276' title='bbox 329 3812 601 3862; x_wconf 84' lang='lat' dir='ltr'>AEgyptiorum</span> <span class='ocrx_word' id='word_1_277' title='bbox 621 3813 696 3854; x_wconf 88' lang='lat' dir='ltr'>diis</span> <span class='ocrx_word' id='word_1_278' title='bbox 711 3814 864 3854; x_wconf 84' lang='lat' dir='ltr'>fabulas</span> <span class='ocrx_word' id='word_1_279' title='bbox 879 3815 1072 3865; x_wconf 82' lang='lat' dir='ltr'>exposuit.</span> 
     </span>
    </p>

    <p class='ocr_par' dir='ltr' id='par_1_30' title="bbox 155 3944 1439 4062">
     <span class='ocr_line' id='line_1_56' title="bbox 206 3944 1437 3998; baseline 0.004 -14"><span class='ocrx_word' id='word_1_280' title='bbox 206 3947 236 3984; x_wconf 84' lang='lat' dir='ltr'><strong>P</strong></span> <span class='ocrx_word' id='word_1_281' title='bbox 237 3944 391 3984; x_wconf 88' lang='lat' dir='ltr'>lurimis</span> <span class='ocrx_word' id='word_1_282' title='bbox 405 3945 636 3995; x_wconf 83' lang='lat' dir='ltr'>putantibus</span> <span class='ocrx_word' id='word_1_283' title='bbox 647 3950 788 3987; x_wconf 88' lang='lat' dir='ltr'><strong>Amum</strong></span> <span class='ocrx_word' id='word_1_284' title='bbox 807 3948 936 3998; x_wconf 89' lang='lat' dir='ltr'>(quod</span> <span class='ocrx_word' id='word_1_285' title='bbox 952 3959 1023 3988; x_wconf 90' lang='lat' dir='ltr'>nos</span> <span class='ocrx_word' id='word_1_286' title='bbox 1041 3949 1080 3987; x_wconf 90' lang='lat' dir='ltr'>in</span> <span class='ocrx_word' id='word_1_287' title='bbox 1095 3952 1336 3989; x_wconf 84' lang='lat' dir='ltr'>Ammonem</span> <span class='ocrx_word' id='word_1_288' title='bbox 1352 3961 1437 3989; x_wconf 89' lang='lat' dir='ltr'>mu·</span> 
     </span>
     <span class='ocr_line' id='line_1_57' title="bbox 155 4007 1439 4062; baseline 0.004 -14"><span class='ocrx_word' id='word_1_289' title='bbox 155 4007 348 4058; x_wconf 77' lang='lat' dir='ltr'>lavimus)</span> <span class='ocrx_word' id='word_1_290' title='bbox 369 4009 574 4059; x_wconf 88' lang='lat' dir='ltr'>proprium</span> <span class='ocrx_word' id='word_1_291' title='bbox 592 4009 698 4060; x_wconf 90' lang='lat' dir='ltr'>apud</span> <span class='ocrx_word' id='word_1_292' title='bbox 720 4011 923 4062; x_wconf 85' lang='lat' dir='ltr'>AEgyptios</span> <span class='ocrx_word' id='word_1_293' title='bbox 948 4012 1058 4051; x_wconf 90' lang='lat' dir='ltr'>Jovis</span> <span class='ocrx_word' id='word_1_294' title='bbox 1076 4023 1218 4052; x_wconf 91' lang='lat' dir='ltr'>nomen</span> <span class='ocrx_word' id='word_1_295' title='bbox 1238 4024 1336 4062; x_wconf 59' lang='lat' dir='ltr'>esse,</span> <span class='ocrx_word' id='word_1_296' title='bbox 1357 4016 1439 4053; x_wconf 88' lang='lat' dir='ltr'>Ma-</span> 
     </span>
    </p>
   </div>
   <div class='ocr_carea' id='block_1_22' title="bbox 153 4071 1438 4176">
    <p class='ocr_par' dir='ltr' id='par_1_31' title="bbox 153 4071 1438 4176">
     <span class='ocr_line' id='line_1_58' title="bbox 154 4071 1438 4126; baseline 0.007 -17"><span class='ocrx_word' id='word_1_297' title='bbox 154 4071 294 4111; x_wconf 85' lang='lat' dir='ltr'>nethos</span> <span class='ocrx_word' id='word_1_298' title='bbox 320 4071 560 4122; x_wconf 86' lang='lat' dir='ltr'>Sebennytes</span> <span class='ocrx_word' id='word_1_299' title='bbox 585 4084 682 4113; x_wconf 84' lang='lat' dir='ltr'>voce</span> <span class='ocrx_word' id='word_1_300' title='bbox 708 4074 782 4113; x_wconf 80' lang='lat' dir='ltr'>hae</span> <span class='ocrx_word' id='word_1_301' title='bbox 811 4075 1021 4123; x_wconf 80' lang='lat' dir='ltr'>occultum</span> <span class='ocrx_word' id='word_1_302' title='bbox 1051 4077 1091 4126; x_wconf 77' lang='lat' dir='ltr'>et</span> <span class='ocrx_word' id='word_1_303' title='bbox 1118 4077 1438 4125; x_wconf 70' lang='lat' dir='ltr'>occultationem</span> 
     </span>
     <span class='ocr_line' id='line_1_59' title="bbox 153 4135 477 4176; baseline 0 -1"><span class='ocrx_word' id='word_1_304' title='bbox 153 4135 316 4175; x_wconf 69' lang='lat' dir='ltr'>indicari</span> <span class='ocrx_word' id='word_1_305' title='bbox 331 4138 477 4176; x_wconf 86' lang='lat' dir='ltr'>censet.</span> 
     </span>
    </p>
   </div>
   <div class='ocr_carea' id='block_1_23' title="bbox 1293 226 1696 278">
    <p class='ocr_par' dir='ltr' id='par_1_32' title="bbox 1293 226 1696 278">
     <span class='ocr_line' id='line_1_60' title="bbox 1293 226 1696 278; baseline 0.015 -6"><span class='ocrx_word' id='word_1_306' title='bbox 1293 226 1696 278; x_wconf 80' lang='lat' dir='ltr'><strong>FRAGMENTA.</strong></span> 
     </span>
    </p>
   </div>
   <div class='ocr_carea' id='block_1_24' title="bbox 973 675 2742 705">
    <p class='ocr_par' dir='ltr' id='par_1_33' title="bbox 973 675 2742 705">
     <span class='ocr_line' id='line_1_61' title="bbox 973 675 2742 705; baseline 0.003 -26"><span class='ocrx_word' id='word_1_307' title='bbox 973 675 2742 705; x_wconf 48' lang='grc' dir='ltr'><em>Ἣ</em></span> 
     </span>
    </p>
   </div>
   <div class='ocr_carea' id='block_1_25' title="bbox 995 1562 1523 1632">
    <p class='ocr_par' dir='ltr' id='par_1_34' title="bbox 995 1562 1523 1632">
     <span class='ocr_line' id='line_1_62' title="bbox 995 1562 1523 1632; baseline 0 2910"><span class='ocrx_word' id='word_1_308' title='bbox 995 1562 1523 1632; x_wconf 95' lang='lat' dir='ltr'> </span> 
     </span>
    </p>
   </div>
   <div class='ocr_carea' id='block_1_26' title="bbox 2703 230 2794 295">
    <p class='ocr_par' dir='ltr' id='par_1_35' title="bbox 2703 230 2794 295">
     <span class='ocr_line' id='line_1_63' title="bbox 2703 230 2794 295; baseline 0.033 -3"><span class='ocrx_word' id='word_1_309' title='bbox 2703 230 2794 295; x_wconf 70' lang='lat' dir='ltr'>oua</span> 
     </span>
    </p>
   </div>
   <div class='ocr_carea' id='block_1_27' title="bbox 662 394 2315 463">
    <p class='ocr_par' dir='ltr' id='par_1_36' title="bbox 662 394 2315 463">
     <span class='ocr_line' id='line_1_64' title="bbox 662 394 2315 463; baseline 0.013 -22"><span class='ocrx_word' id='word_1_310' title='bbox 662 394 875 451; x_wconf 81' lang='lat' dir='ltr'>SERIES</span> <span class='ocrx_word' id='word_1_311' title='bbox 911 396 1394 459; x_wconf 73' lang='lat' dir='ltr'>CHRONOLOOECA</span> <span class='ocrx_word' id='word_1_312' title='bbox 1431 403 1874 463; x_wconf 69' lang='lat' dir='ltr'><strong>DYNASTIARUM</strong></span> <span class='ocrx_word' id='word_1_313' title='bbox 1916 411 2315 462; x_wconf 72' lang='lat' dir='ltr'>MANE&#39;rqus</span> 
     </span>
    </p>
   </div>
   <div class='ocr_carea' id='block_1_28' title="bbox 1116 535 1859 582">
    <p class='ocr_par' dir='ltr' id='par_1_37' title="bbox 1116 535 1859 582">
     <span class='ocr_line' id='line_1_65' title="bbox 1116 535 1859 582; baseline 0.013 -10"><span class='ocrx_word' id='word_1_314' title='bbox 1116 535 1185 573; x_wconf 86' lang='lat' dir='ltr'>EX</span> <span class='ocrx_word' id='word_1_315' title='bbox 1213 537 1578 578; x_wconf 80' lang='lat' dir='ltr'><strong>ADORNATIONE</strong></span> <span class='ocrx_word' id='word_1_316' title='bbox 1608 541 1859 582; x_wconf 79' lang='lat' dir='ltr'>BUNSENH.</span> 
     </span>
    </p>
   </div>
   <div class='ocr_carea' id='block_1_29' title="bbox 0 660 2804 1439">
    <p class='ocr_par' dir='ltr' id='par_1_38' title="bbox 0 660 2804 1439">
     <span class='ocr_line' id='line_1_66' title="bbox 0 660 2803 823; baseline 0 -22"><span class='ocrx_word' id='word_1_317' title='bbox 0 720 204 823; x_wconf 95' lang='lat' dir='ltr'>   </span> <span class='ocrx_word' id='word_1_318' title='bbox 2742 660 2803 823; x_wconf 95' lang='lat' dir='ltr'>    </span> 
     </span>
     <span class='ocr_line' id='line_1_67' title="bbox 0 823 2803 890; baseline 0 -21"><span class='ocrx_word' id='word_1_319' title='bbox 0 823 196 869; x_wconf 95' lang='lat' dir='ltr'> </span> <span class='ocrx_word' id='word_1_320' title='bbox 2792 823 2803 890; x_wconf 95' lang='lat' dir='ltr'>  </span> 
     </span>
     <span class='ocr_line' id='line_1_68' title="bbox 0 869 2803 1055; baseline 0 0"><span class='ocrx_word' id='word_1_321' title='bbox 0 869 214 1055; x_wconf 95' lang='lat' dir='ltr'>     </span> <span class='ocrx_word' id='word_1_322' title='bbox 2792 890 2803 1055; x_wconf 95' lang='lat' dir='ltr'>    </span> 
     </span>
     <span class='ocr_line' id='line_1_69' title="bbox 0 1055 2803 1129; baseline 0.001 -8"><span class='ocrx_word' id='word_1_323' title='bbox 0 1055 214 1129; x_wconf 95' lang='lat' dir='ltr'>   </span> <span class='ocrx_word' id='word_1_324' title='bbox 2792 1055 2803 1129; x_wconf 95' lang='lat' dir='ltr'>   </span> 
     </span>
     <span class='ocr_line' id='line_1_70' title="bbox 0 1129 2803 1231; baseline 0 0"><span class='ocrx_word' id='word_1_325' title='bbox 0 1129 208 1231; x_wconf 95' lang='lat' dir='ltr'>   </span> <span class='ocrx_word' id='word_1_326' title='bbox 2793 1129 2803 1231; x_wconf 95' lang='lat' dir='ltr'>   </span> 
     </span>
     <span class='ocr_line' id='line_1_71' title="bbox 0 1231 2804 1439; baseline 0.001 -127"><span class='ocrx_word' id='word_1_327' title='bbox 0 1231 202 1439; x_wconf 95' lang='lat' dir='ltr'>    </span> <span class='ocrx_word' id='word_1_328' title='bbox 2793 1231 2804 1439; x_wconf 95' lang='lat' dir='ltr'>    </span> 
     </span>
    </p>
   </div>
   <div class='ocr_carea' id='block_1_30' title="bbox 1577 746 2697 1428">
    <p class='ocr_par' dir='ltr' id='par_1_39' title="bbox 1577 746 2697 1047">
     <span class='ocr_line' id='line_1_72' title="bbox 1577 746 2697 798; baseline 0.013 -15"><span class='ocrx_word' id='word_1_329' title='bbox 1577 746 1676 794; x_wconf 85' lang='lat' dir='ltr'>Dyn.</span> <span class='ocrx_word' id='word_1_330' title='bbox 1753 748 1861 787; x_wconf 79' lang='lat' dir='ltr'>xlx.</span> <span class='ocrx_word' id='word_1_331' title='bbox 1897 753 1965 787; x_wconf 87' lang='grc'>112</span> <span class='ocrx_word' id='word_1_332' title='bbox 1995 777 2419 792; x_wconf 88' lang='grc'><strong>...........</strong></span> <span class='ocrx_word' id='word_1_333' title='bbox 2456 759 2550 795; x_wconf 86' lang='grc'><strong>1409</strong></span> <span class='ocrx_word' id='word_1_334' title='bbox 2579 761 2621 797; x_wconf 84' lang='grc' dir='ltr'>Α.</span> <span class='ocrx_word' id='word_1_335' title='bbox 2653 761 2697 798; x_wconf 89' lang='lat' dir='ltr'>C.</span> 
     </span>
     <span class='ocr_line' id='line_1_73' title="bbox 1753 809 2559 868; baseline 0.014 -21"><span class='ocrx_word' id='word_1_336' title='bbox 1753 809 1927 857; x_wconf 85' lang='lat' dir='ltr'>(initium</span> <span class='ocrx_word' id='word_1_337' title='bbox 1943 812 2050 862; x_wconf 84' lang='lat' dir='ltr'>regni</span> <span class='ocrx_word' id='word_1_338' title='bbox 2076 814 2339 864; x_wconf 83' lang='lat' dir='ltr'>Menopbthae.</span> <span class='ocrx_word' id='word_1_339' title='bbox 2372 846 2379 854; x_wconf 93' lang='lat'>.</span> <span class='ocrx_word' id='word_1_340' title='bbox 2410 846 2420 855; x_wconf 95' lang='lat'>.</span> <span class='ocrx_word' id='word_1_341' title='bbox 2452 821 2559 868; x_wconf 82' lang='grc'><strong>1322)</strong></span> 
     </span>
     <span class='ocr_line' id='line_1_74' title="bbox 1770 875 2545 921; baseline 0.012 -9"><span class='ocrx_word' id='word_1_342' title='bbox 1770 875 1855 913; x_wconf 89' lang='grc' dir='ltr'>ΧΧ.</span> <span class='ocrx_word' id='word_1_343' title='bbox 1888 878 1958 914; x_wconf 84' lang='grc'><strong>185</strong></span> <span class='ocrx_word' id='word_1_344' title='bbox 1988 904 2420 919; x_wconf 88' lang='grc'><strong>...........</strong></span> <span class='ocrx_word' id='word_1_345' title='bbox 2455 886 2545 921; x_wconf 83' lang='grc'><strong>1297</strong></span> 
     </span>
     <span class='ocr_line' id='line_1_75' title="bbox 1749 938 2548 987; baseline 0.01 -12"><span class='ocrx_word' id='word_1_346' title='bbox 1749 938 1855 987; x_wconf 80' lang='lat' dir='ltr'>xxl.</span> <span class='ocrx_word' id='word_1_347' title='bbox 1888 941 1959 978; x_wconf 79' lang='lat'>130</span> <span class='ocrx_word' id='word_1_348' title='bbox 1990 968 2419 982; x_wconf 88' lang='grc'><strong>...........</strong></span> <span class='ocrx_word' id='word_1_349' title='bbox 2454 949 2548 983; x_wconf 82' lang='lat'>1112</span> 
     </span>
     <span class='ocr_line' id='line_1_76' title="bbox 1734 1002 2548 1047; baseline 0.01 -8"><span class='ocrx_word' id='word_1_350' title='bbox 1734 1002 1856 1040; x_wconf 81' lang='lat' dir='ltr'>xxn.</span> <span class='ocrx_word' id='word_1_351' title='bbox 1891 1007 1962 1042; x_wconf 80' lang='lat'>150</span> <span class='ocrx_word' id='word_1_352' title='bbox 1992 1032 2420 1045; x_wconf 91' lang='grc'><strong>...........</strong></span> <span class='ocrx_word' id='word_1_353' title='bbox 2475 1011 2548 1047; x_wconf 87' lang='grc'>982</span> 
     </span>
    </p>

    <p class='ocr_par' dir='ltr' id='par_1_40' title="bbox 1714 1065 2549 1307">
     <span class='ocr_line' id='line_1_77' title="bbox 1714 1065 2547 1109; baseline 0.008 -7"><span class='ocrx_word' id='word_1_354' title='bbox 1714 1065 1857 1102; x_wconf 82' lang='lat' dir='ltr'>xxiii.</span> <span class='ocrx_word' id='word_1_355' title='bbox 1913 1070 1962 1106; x_wconf 85' lang='lat'>89</span> <span class='ocrx_word' id='word_1_356' title='bbox 1993 1095 2418 1108; x_wconf 88' lang='grc'><strong>...........</strong></span> <span class='ocrx_word' id='word_1_357' title='bbox 2475 1074 2547 1109; x_wconf 80' lang='grc'>832</span> 
     </span>
     <span class='ocr_line' id='line_1_78' title="bbox 1714 1129 2549 1174; baseline 0.01 -8"><span class='ocrx_word' id='word_1_358' title='bbox 1714 1129 1857 1168; x_wconf 86' lang='lat' dir='ltr'>XXIV.</span> <span class='ocrx_word' id='word_1_359' title='bbox 1938 1136 1961 1169; x_wconf 88' lang='lat'><strong>6</strong></span> <span class='ocrx_word' id='word_1_360' title='bbox 1993 1160 2421 1174; x_wconf 90' lang='grc'><strong>...........</strong></span> <span class='ocrx_word' id='word_1_361' title='bbox 2477 1137 2549 1174; x_wconf 77' lang='grc'><strong>743</strong></span> 
     </span>
     <span class='ocr_line' id='line_1_79' title="bbox 1737 1194 2547 1244; baseline 0.009 -13"><span class='ocrx_word' id='word_1_362' title='bbox 1737 1194 1856 1244; x_wconf 70' lang='lat' dir='ltr'>XXV.</span> <span class='ocrx_word' id='word_1_363' title='bbox 1913 1198 1961 1239; x_wconf 79' lang='grc'>50</span> <span class='ocrx_word' id='word_1_364' title='bbox 1991 1222 2420 1237; x_wconf 88' lang='grc'><strong><em>...........</em></strong></span> <span class='ocrx_word' id='word_1_365' title='bbox 2476 1202 2547 1238; x_wconf 87' lang='grc'>737</span> 
     </span>
     <span class='ocr_line' id='line_1_80' title="bbox 1716 1257 2546 1307; baseline 0.01 -14"><span class='ocrx_word' id='word_1_366' title='bbox 1716 1257 1855 1303; x_wconf 80' lang='lat' dir='ltr'>xxvi.</span> <span class='ocrx_word' id='word_1_367' title='bbox 1889 1261 1960 1307; x_wconf 81' lang='lat'>160</span> <span class='ocrx_word' id='word_1_368' title='bbox 1990 1285 2417 1298; x_wconf 87' lang='lat'><strong>...........</strong></span> <span class='ocrx_word' id='word_1_369' title='bbox 2473 1264 2546 1301; x_wconf 82' lang='grc'>687</span> 
     </span>
    </p>

    <p class='ocr_par' dir='ltr' id='par_1_41' title="bbox 1696 1319 2545 1428">
     <span class='ocr_line' id='line_1_81' title="bbox 1696 1319 2421 1372; baseline 0.006 -13"><span class='ocrx_word' id='word_1_370' title='bbox 1696 1321 1821 1359; x_wconf 76' lang='lat' dir='ltr'><strong>XXVI</strong></span> <span class='ocrx_word' id='word_1_371' title='bbox 1829 1322 1853 1358; x_wconf 83' lang='grc' dir='ltr'>Ι.</span> <span class='ocrx_word' id='word_1_372' title='bbox 1881 1319 2041 1371; x_wconf 83' lang='lat' dir='ltr'>Initium</span> <span class='ocrx_word' id='word_1_373' title='bbox 2051 1320 2326 1372; x_wconf 83' lang='lat' dir='ltr'>dominationis</span> <span class='ocrx_word' id='word_1_374' title='bbox 2335 1325 2421 1371; x_wconf 82' lang='lat' dir='ltr'>Per-</span> 
     </span>
     <span class='ocr_line' id='line_1_82' title="bbox 1923 1392 2545 1428; baseline 0.008 -5"><span class='ocrx_word' id='word_1_375' title='bbox 1923 1395 2055 1423; x_wconf 87' lang='lat' dir='ltr'><strong>sarum</strong></span> <span class='ocrx_word' id='word_1_376' title='bbox 2071 1414 2419 1428; x_wconf 83' lang='lat'><strong><em>.........</em></strong></span> <span class='ocrx_word' id='word_1_377' title='bbox 2475 1392 2545 1428; x_wconf 84' lang='lat'>527</span> 
     </span>
    </p>
   </div>
   <div class='ocr_carea' id='block_1_31' title="bbox 2419 1439 2475 1444">
    <p class='ocr_par' dir='ltr' id='par_1_42' title="bbox 2419 1439 2475 1444">
     <span class='ocr_line' id='line_1_83' title="bbox 2419 1439 2475 1444; baseline 0 0"><span class='ocrx_word' id='word_1_378' title='bbox 2419 1439 2475 1444; x_wconf 95' lang='lat' dir='ltr'> </span> 
     </span>
    </p>
   </div>
   <div class='ocr_carea' id='block_1_32' title="bbox 2801 1560 2804 1655">
    <p class='ocr_par' dir='ltr' id='par_1_43' title="bbox 2801 1560 2804 1655">
     <span class='ocr_line' id='line_1_84' title="bbox 2801 1560 2804 1655; baseline 0 -93"><span class='ocrx_word' id='word_1_379' title='bbox 2801 1560 2804 1655; x_wconf 95' lang='lat' dir='ltr'>  </span> 
     </span>
    </p>
   </div>
   <div class='ocr_carea' id='block_1_33' title="bbox 1522 1591 2809 1798">
    <p class='ocr_par' dir='ltr' id='par_1_44' title="bbox 1522 1591 2809 1798">
     <span class='ocr_line' id='line_1_85' title="bbox 1523 1591 2809 1654; baseline 0.007 -22"><span class='ocrx_word' id='word_1_380' title='bbox 1523 1598 1568 1632; x_wconf 89' lang='lat' dir='ltr'>et</span> <span class='ocrx_word' id='word_1_381' title='bbox 1590 1591 1785 1637; x_wconf 89' lang='lat' dir='ltr'>Bunsen.</span> <span class='ocrx_word' id='word_1_382' title='bbox 1804 1592 1826 1634; x_wconf 88' lang='grc' dir='ltr'><strong>Ι</strong></span> <span class='ocrx_word' id='word_1_383' title='bbox 1843 1624 1854 1645; x_wconf 88' lang='grc'>,</span> <span class='ocrx_word' id='word_1_384' title='bbox 1884 1607 1931 1650; x_wconf 91' lang='lat' dir='ltr'>p.</span> <span class='ocrx_word' id='word_1_385' title='bbox 1959 1592 2020 1650; x_wconf 84' lang='lat'>96</span> <span class='ocrx_word' id='word_1_386' title='bbox 2045 1602 2090 1636; x_wconf 86' lang='lat' dir='ltr'>et</span> <span class='ocrx_word' id='word_1_387' title='bbox 2113 1609 2158 1651; x_wconf 92' lang='lat' dir='ltr'>p.</span> <span class='ocrx_word' id='word_1_388' title='bbox 2188 1593 2280 1646; x_wconf 88' lang='grc'>438</span> <span class='ocrx_word' id='word_1_389' title='bbox 2297 1604 2342 1638; x_wconf 87' lang='lat' dir='ltr'>et</span> <span class='ocrx_word' id='word_1_390' title='bbox 2363 1594 2471 1651; x_wconf 80' lang='lat'><strong>560,</strong></span> <span class='ocrx_word' id='word_1_391' title='bbox 2496 1597 2574 1654; x_wconf 89' lang='lat' dir='ltr'>qui</span> <span class='ocrx_word' id='word_1_392' title='bbox 2608 1597 2809 1653; x_wconf 20' lang='lat' dir='ltr'>verbum*</span> 
     </span>
     <span class='ocr_line' id='line_1_86' title="bbox 1522 1659 2795 1732; baseline 0.006 -28"><span class='ocrx_word' id='word_1_393' title='bbox 1522 1677 1643 1716; x_wconf 79' lang='lat' dir='ltr'>amn,</span> <span class='ocrx_word' id='word_1_394' title='bbox 1666 1663 1697 1706; x_wconf 85' lang='lat' dir='ltr'>i.</span> <span class='ocrx_word' id='word_1_395' title='bbox 1718 1677 1759 1709; x_wconf 90' lang='lat' dir='ltr'>e.</span> <span class='ocrx_word' id='word_1_396' title='bbox 1780 1659 1999 1732; x_wconf 77' lang='grc' dir='ltr'>κρύπτειν,</span> <span class='ocrx_word' id='word_1_397' title='bbox 2018 1665 2065 1706; x_wconf 92' lang='lat' dir='ltr'>in</span> <span class='ocrx_word' id='word_1_398' title='bbox 2076 1665 2391 1725; x_wconf 77' lang='lat' dir='ltr'>hieroglyphis</span> <span class='ocrx_word' id='word_1_399' title='bbox 2410 1668 2601 1711; x_wconf 89' lang='lat' dir='ltr'>inveniri</span> <span class='ocrx_word' id='word_1_400' title='bbox 2613 1667 2795 1716; x_wconf 84' lang='lat' dir='ltr'>docent.</span> 
     </span>
     <span class='ocr_line' id='line_1_87' title="bbox 2131 1743 2205 1798; baseline 0.027 -12"><span class='ocrx_word' id='word_1_401' title='bbox 2131 1743 2205 1798; x_wconf 66' lang='lat'>76,</span> 
     </span>
    </p>
   </div>
   <div class='ocr_carea' id='block_1_34' title="bbox 1519 1847 2802 2412">
    <p class='ocr_par' dir='ltr' id='par_1_45' title="bbox 1520 1847 2801 2270">
     <span class='ocr_line' id='line_1_88' title="bbox 1587 1847 2801 1914; baseline 0.005 -22"><span class='ocrx_word' id='word_1_402' title='bbox 1587 1847 1658 1900; x_wconf 77' lang='lat' dir='ltr'>Id.</span> <span class='ocrx_word' id='word_1_403' title='bbox 1681 1849 1796 1896; x_wconf 72' lang='lat' dir='ltr'>ibid.</span> <span class='ocrx_word' id='word_1_404' title='bbox 1823 1865 1864 1895; x_wconf 88' lang='lat' dir='ltr'>c.</span> <span class='ocrx_word' id='word_1_405' title='bbox 1897 1854 1982 1909; x_wconf 85' lang='grc'>49,</span> <span class='ocrx_word' id='word_1_406' title='bbox 2008 1866 2056 1909; x_wconf 74' lang='lat' dir='ltr'>p,</span> <span class='ocrx_word' id='word_1_407' title='bbox 2084 1850 2191 1908; x_wconf 80' lang='lat'>371,</span> <span class='ocrx_word' id='word_1_408' title='bbox 2211 1852 2245 1896; x_wconf 80' lang='lat' dir='ltr'>G</span> <span class='ocrx_word' id='word_1_409' title='bbox 2275 1867 2285 1894; x_wconf 77' lang='grc' dir='ltr'><strong><em>ε</em></strong></span> <span class='ocrx_word' id='word_1_410' title='bbox 2314 1849 2492 1897; x_wconf 71' lang='grc' dir='ltr'>Βεὸῶνα</span> <span class='ocrx_word' id='word_1_411' title='bbox 2517 1850 2560 1897; x_wconf 79' lang='grc' dir='ltr'>δὲ</span> <span class='ocrx_word' id='word_1_412' title='bbox 2591 1851 2699 1905; x_wconf 82' lang='grc' dir='ltr'>τινὲς</span> <span class='ocrx_word' id='word_1_413' title='bbox 2723 1852 2801 1914; x_wconf 83' lang='grc' dir='ltr'>μὲν</span> 
     </span>
     <span class='ocr_line' id='line_1_89' title="bbox 1521 1915 2801 1985; baseline 0.005 -22.071"><span class='ocrx_word' id='word_1_414' title='bbox 1521 1915 1594 1963; x_wconf 79' lang='grc' dir='ltr'>ἕνα</span> <span class='ocrx_word' id='word_1_415' title='bbox 1627 1920 1711 1964; x_wconf 84' lang='grc' dir='ltr'>τῶν</span> <span class='ocrx_word' id='word_1_416' title='bbox 1745 1919 1875 1982; x_wconf 76' lang='grc' dir='ltr'>[τοῦ]</span> <span class='ocrx_word' id='word_1_417' title='bbox 1898 1921 2100 1984; x_wconf 80' lang='grc' dir='ltr'>Τυφῶνος</span> <span class='ocrx_word' id='word_1_418' title='bbox 2132 1920 2311 1984; x_wconf 82' lang='grc' dir='ltr'>ἑταίρων</span> <span class='ocrx_word' id='word_1_419' title='bbox 2341 1921 2556 1983; x_wconf 83' lang='grc' dir='ltr'>γεγονέναι</span> <span class='ocrx_word' id='word_1_420' title='bbox 2593 1921 2801 1985; x_wconf 81' lang='grc' dir='ltr'>λέγουσιν,</span> 
     </span>
     <span class='ocr_line' id='line_1_90' title="bbox 1522 1989 2798 2054; baseline 0.005 -18"><span class='ocrx_word' id='word_1_421' title='bbox 1522 1989 1727 2043; x_wconf 84' lang='grc' dir='ltr'>Μανεθὼς</span> <span class='ocrx_word' id='word_1_422' title='bbox 1751 1990 1786 2036; x_wconf 88' lang='grc' dir='ltr'>δ’</span> <span class='ocrx_word' id='word_1_423' title='bbox 1813 1989 1938 2037; x_wconf 80' lang='grc' dir='ltr'>αὐτὸν</span> <span class='ocrx_word' id='word_1_424' title='bbox 1956 1990 2027 2037; x_wconf 86' lang='grc' dir='ltr'>τὸν</span> <span class='ocrx_word' id='word_1_425' title='bbox 2043 1994 2229 2054; x_wconf 75' lang='grc' dir='ltr'>Τυφῶνα</span> <span class='ocrx_word' id='word_1_426' title='bbox 2252 1992 2324 2038; x_wconf 83' lang='grc' dir='ltr'>καὶ</span> <span class='ocrx_word' id='word_1_427' title='bbox 2355 1992 2529 2040; x_wconf 78' lang='grc' dir='ltr'>Βέὸωνα</span> <span class='ocrx_word' id='word_1_428' title='bbox 2557 1995 2798 2043; x_wconf 83' lang='grc' dir='ltr'>καλεῖσθαι.</span> 
     </span>
     <span class='ocr_line' id='line_1_91' title="bbox 1521 2061 2800 2130; baseline 0.004 -23"><span class='ocrx_word' id='word_1_429' title='bbox 1521 2061 1734 2123; x_wconf 87' lang='grc' dir='ltr'>Σημαίνει</span> <span class='ocrx_word' id='word_1_430' title='bbox 1755 2062 1798 2108; x_wconf 86' lang='grc' dir='ltr'>δὲ</span> <span class='ocrx_word' id='word_1_431' title='bbox 1825 2062 2012 2124; x_wconf 87' lang='grc' dir='ltr'>τοῦνομα</span> <span class='ocrx_word' id='word_1_432' title='bbox 2046 2062 2210 2118; x_wconf 83' lang='grc' dir='ltr'>κάθεξιν</span> <span class='ocrx_word' id='word_1_433' title='bbox 2235 2062 2263 2120; x_wconf 82' lang='grc' dir='ltr'>ἢ</span> <span class='ocrx_word' id='word_1_434' title='bbox 2289 2063 2488 2122; x_wconf 83' lang='grc' dir='ltr'>κώλυσιν,</span> <span class='ocrx_word' id='word_1_435' title='bbox 2509 2067 2566 2118; x_wconf 83' lang='grc' dir='ltr'>ὡς</span> <span class='ocrx_word' id='word_1_436' title='bbox 2587 2069 2671 2119; x_wconf 85' lang='grc' dir='ltr'>τοῖς</span> <span class='ocrx_word' id='word_1_437' title='bbox 2692 2067 2800 2130; x_wconf 87' lang='grc' dir='ltr'>πρά-</span> 
     </span>
     <span class='ocr_line' id='line_1_92' title="bbox 1520 2133 2800 2200; baseline 0.004 -21"><span class='ocrx_word' id='word_1_438' title='bbox 1520 2147 1679 2196; x_wconf 87' lang='grc' dir='ltr'>γμασιν</span> <span class='ocrx_word' id='word_1_439' title='bbox 1704 2135 1787 2199; x_wconf 77' lang='grc' dir='ltr'>ὁδῷ</span> <span class='ocrx_word' id='word_1_440' title='bbox 1814 2135 2032 2198; x_wconf 84' lang='grc' dir='ltr'>βαδίζουσι</span> <span class='ocrx_word' id='word_1_441' title='bbox 2056 2135 2130 2181; x_wconf 85' lang='grc' dir='ltr'>καὶ</span> <span class='ocrx_word' id='word_1_442' title='bbox 2150 2133 2251 2199; x_wconf 81' lang='grc' dir='ltr'>πρὸς</span> <span class='ocrx_word' id='word_1_443' title='bbox 2275 2133 2397 2199; x_wconf 81' lang='grc' dir='ltr'>ὃχρὴ</span> <span class='ocrx_word' id='word_1_444' title='bbox 2424 2136 2687 2200; x_wconf 81' lang='grc' dir='ltr'>φερομένοις,</span> <span class='ocrx_word' id='word_1_445' title='bbox 2712 2141 2800 2185; x_wconf 85' lang='grc' dir='ltr'>ἐνι-</span> 
     </span>
     <span class='ocr_line' id='line_1_93' title="bbox 1521 2204 2382 2270; baseline 0.002 -20"><span class='ocrx_word' id='word_1_446' title='bbox 1521 2204 1732 2266; x_wconf 86' lang='grc' dir='ltr'>σταμένης</span> <span class='ocrx_word' id='word_1_447' title='bbox 1747 2209 1822 2263; x_wconf 75' lang='grc' dir='ltr'>τῆς</span> <span class='ocrx_word' id='word_1_448' title='bbox 1841 2211 1912 2253; x_wconf 74' lang='grc' dir='ltr'>τοί)Ι</span> <span class='ocrx_word' id='word_1_449' title='bbox 1934 2208 2135 2270; x_wconf 70' lang='grc' dir='ltr'>Τυφῶνος</span> <span class='ocrx_word' id='word_1_450' title='bbox 2149 2205 2382 2268; x_wconf 88' lang='grc' dir='ltr'>δυνάμεως.</span> 
     </span>
    </p>

    <p class='ocr_par' dir='ltr' id='par_1_46' title="bbox 1519 2280 2802 2412">
     <span class='ocr_line' id='line_1_94' title="bbox 1584 2280 2802 2342; baseline 0.003 -19"><span class='ocrx_word' id='word_1_451' title='bbox 1584 2281 1732 2324; x_wconf 81' lang='lat' dir='ltr'>Etiam</span> <span class='ocrx_word' id='word_1_452' title='bbox 1753 2296 1804 2324; x_wconf 88' lang='lat' dir='ltr'>ea</span> <span class='ocrx_word' id='word_1_453' title='bbox 1820 2314 1832 2336; x_wconf 88' lang='lat'>‚</span> <span class='ocrx_word' id='word_1_454' title='bbox 1861 2295 1962 2338; x_wconf 86' lang='lat' dir='ltr'>quae</span> <span class='ocrx_word' id='word_1_455' title='bbox 1996 2280 2054 2323; x_wconf 88' lang='lat' dir='ltr'>de</span> <span class='ocrx_word' id='word_1_456' title='bbox 2076 2281 2260 2338; x_wconf 87' lang='lat' dir='ltr'>reliquis</span> <span class='ocrx_word' id='word_1_457' title='bbox 2281 2281 2544 2325; x_wconf 88' lang='lat' dir='ltr'>nominibus</span> <span class='ocrx_word' id='word_1_458' title='bbox 2569 2283 2802 2342; x_wconf 77' lang='lat' dir='ltr'>Typhonis</span> 
     </span>
     <span class='ocr_line' id='line_1_95' title="bbox 1519 2351 2797 2412; baseline 0.002 -18"><span class='ocrx_word' id='word_1_459' title='bbox 1519 2351 1789 2396; x_wconf 74' lang='lat' dir='ltr'>Plutarchus</span> <span class='ocrx_word' id='word_1_460' title='bbox 1813 2352 1971 2406; x_wconf 72' lang='lat' dir='ltr'>affert,</span> <span class='ocrx_word' id='word_1_461' title='bbox 1997 2367 2205 2412; x_wconf 84' lang='lat' dir='ltr'>magnam</span> <span class='ocrx_word' id='word_1_462' title='bbox 2231 2361 2409 2410; x_wconf 87' lang='lat' dir='ltr'>partem</span> <span class='ocrx_word' id='word_1_463' title='bbox 2434 2368 2487 2396; x_wconf 86' lang='lat' dir='ltr'>ex</span> <span class='ocrx_word' id='word_1_464' title='bbox 2512 2352 2675 2397; x_wconf 87' lang='lat' dir='ltr'>eodem</span> <span class='ocrx_word' id='word_1_465' title='bbox 2700 2355 2797 2398; x_wconf 85' lang='lat' dir='ltr'>Ma-</span> 
     </span>
    </p>
   </div>
   <div class='ocr_carea' id='block_1_35' title="bbox 1518 2422 2793 2545">
    <p class='ocr_par' dir='ltr' id='par_1_47' title="bbox 1518 2422 2793 2545">
     <span class='ocr_line' id='line_1_96' title="bbox 1518 2422 2793 2484; baseline 0.003 -20"><span class='ocrx_word' id='word_1_466' title='bbox 1518 2423 1720 2466; x_wconf 85' lang='lat' dir='ltr'>nethone</span> <span class='ocrx_word' id='word_1_467' title='bbox 1745 2422 1980 2470; x_wconf 84' lang='lat' dir='ltr'>fluxerint.</span> <span class='ocrx_word' id='word_1_468' title='bbox 2022 2425 2212 2468; x_wconf 87' lang='lat' dir='ltr'>Bunsen.</span> <span class='ocrx_word' id='word_1_469' title='bbox 2235 2425 2256 2466; x_wconf 95' lang='lat' dir='ltr'><strong>l</strong></span> <span class='ocrx_word' id='word_1_470' title='bbox 2273 2457 2284 2478; x_wconf 92' lang='lat'><strong><em>‚</em></strong></span> <span class='ocrx_word' id='word_1_471' title='bbox 2309 2439 2356 2482; x_wconf 88' lang='lat' dir='ltr'>p.</span> <span class='ocrx_word' id='word_1_472' title='bbox 2385 2439 2462 2482; x_wconf 89' lang='lat'>97.</span> <span class='ocrx_word' id='word_1_473' title='bbox 2500 2426 2550 2470; x_wconf 89' lang='lat' dir='ltr'>V.</span> <span class='ocrx_word' id='word_1_474' title='bbox 2582 2424 2673 2482; x_wconf 78' lang='grc'>496</span> <span class='ocrx_word' id='word_1_475' title='bbox 2693 2440 2793 2484; x_wconf 89' lang='lat' dir='ltr'>sqq.</span> 
     </span>
     <span class='ocr_line' id='line_1_97' title="bbox 1519 2494 2051 2545; baseline -0.002 -7"><span class='ocrx_word' id='word_1_476' title='bbox 1519 2494 1586 2540; x_wconf 91' lang='lat' dir='ltr'>Cf.</span> <span class='ocrx_word' id='word_1_477' title='bbox 1613 2495 1836 2538; x_wconf 87' lang='lat' dir='ltr'>Hellanici</span> <span class='ocrx_word' id='word_1_478' title='bbox 1855 2494 1911 2540; x_wconf 79' lang='lat' dir='ltr'>sr.</span> <span class='ocrx_word' id='word_1_479' title='bbox 1947 2499 2051 2545; x_wconf 70' lang='lat'>140.</span> 
     </span>
    </p>
   </div>
   <div class='ocr_carea' id='block_1_36' title="bbox 1515 2604 2799 3244">
    <p class='ocr_par' dir='ltr' id='par_1_48' title="bbox 2130 2604 2200 2628">
     <span class='ocr_line' id='line_1_98' title="bbox 2130 2604 2200 2628; baseline 0 0"><span class='ocrx_word' id='word_1_480' title='bbox 2130 2604 2143 2628; x_wconf 85' lang='grc' dir='ltr'><em>Ι</em></span> <span class='ocrx_word' id='word_1_481' title='bbox 2164 2607 2176 2628; x_wconf 86' lang='grc' dir='ltr'><em>Ι</em></span> <span class='ocrx_word' id='word_1_482' title='bbox 2191 2607 2200 2617; x_wconf 85' lang='grc'><em>“</em></span> 
     </span>
    </p>

    <p class='ocr_par' dir='ltr' id='par_1_49' title="bbox 1515 2676 2799 3244">
     <span class='ocr_line' id='line_1_99' title="bbox 1584 2676 2797 2740; baseline 0.002 -17"><span class='ocrx_word' id='word_1_483' title='bbox 1584 2680 1655 2726; x_wconf 87' lang='lat' dir='ltr'>Id.</span> <span class='ocrx_word' id='word_1_484' title='bbox 1677 2681 1792 2724; x_wconf 86' lang='lat' dir='ltr'>ibid.</span> <span class='ocrx_word' id='word_1_485' title='bbox 1817 2696 1855 2727; x_wconf 89' lang='lat' dir='ltr'>c.</span> <span class='ocrx_word' id='word_1_486' title='bbox 1872 2681 2010 2740; x_wconf 82' lang='lat' dir='ltr'>62,p.</span> <span class='ocrx_word' id='word_1_487' title='bbox 2038 2680 2093 2724; x_wconf 97' lang='grc'>3</span> <span class='ocrx_word' id='word_1_488' title='bbox 2077 2681 2145 2738; x_wconf 92' lang='lat'>6</span> <span class='ocrx_word' id='word_1_489' title='bbox 2168 2684 2232 2728; x_wconf 88' lang='lat' dir='ltr'>B:</span> <span class='ocrx_word' id='word_1_490' title='bbox 2248 2676 2395 2726; x_wconf 84' lang='grc' dir='ltr'>Ἔοικε</span> <span class='ocrx_word' id='word_1_491' title='bbox 2415 2676 2458 2724; x_wconf 86' lang='grc' dir='ltr'>δὲ</span> <span class='ocrx_word' id='word_1_492' title='bbox 2480 2677 2639 2731; x_wconf 85' lang='grc' dir='ltr'>τούτοις</span> <span class='ocrx_word' id='word_1_493' title='bbox 2652 2678 2725 2725; x_wconf 80' lang='grc' dir='ltr'>καὶ</span> <span class='ocrx_word' id='word_1_494' title='bbox 2745 2678 2797 2725; x_wconf 83' lang='grc' dir='ltr'>τὰ</span> 
     </span>
     <span class='ocr_line' id='line_1_100' title="bbox 1518 2749 2799 2814; baseline -0.004 -15"><span class='ocrx_word' id='word_1_495' title='bbox 1518 2749 1751 2812; x_wconf 84' lang='grc' dir='ltr'>Αἰγύπτια.</span> <span class='ocrx_word' id='word_1_496' title='bbox 1770 2749 1863 2807; x_wconf 84' lang='grc' dir='ltr'>Τὴν</span> <span class='ocrx_word' id='word_1_497' title='bbox 1885 2750 1936 2812; x_wconf 85' lang='grc' dir='ltr'>μὲ</span> <span class='ocrx_word' id='word_1_498' title='bbox 1940 2769 1961 2796; x_wconf 92' lang='grc' dir='ltr'>ν</span> <span class='ocrx_word' id='word_1_499' title='bbox 1985 2749 2067 2814; x_wconf 76' lang='grc' dir='ltr'>γὰρ</span> <span class='ocrx_word' id='word_1_500' title='bbox 2098 2754 2199 2799; x_wconf 87' lang='grc' dir='ltr'>Ἰσιν</span> <span class='ocrx_word' id='word_1_501' title='bbox 2225 2749 2430 2802; x_wconf 85' lang='grc' dir='ltr'>πολλάκις</span> <span class='ocrx_word' id='word_1_502' title='bbox 2452 2752 2513 2813; x_wconf 83' lang='grc' dir='ltr'>τῷ</span> <span class='ocrx_word' id='word_1_503' title='bbox 2537 2753 2611 2806; x_wconf 77' lang='grc' dir='ltr'>τῆς</span> <span class='ocrx_word' id='word_1_504' title='bbox 2625 2749 2799 2806; x_wconf 76' lang='grc' dir='ltr'>Ἀθηνᾶς</span> 
     </span>
     <span class='ocr_line' id='line_1_101' title="bbox 1518 2813 2798 2886; baseline -0.002 -17"><span class='ocrx_word' id='word_1_505' title='bbox 1518 2821 1694 2884; x_wconf 85' lang='grc' dir='ltr'>ὀνόματι</span> <span class='ocrx_word' id='word_1_506' title='bbox 1716 2824 1918 2880; x_wconf 87' lang='grc' dir='ltr'>καλουσι,</span> <span class='ocrx_word' id='word_1_507' title='bbox 1946 2822 2144 2886; x_wconf 84' lang='grc' dir='ltr'>φράζοντι</span> <span class='ocrx_word' id='word_1_508' title='bbox 2167 2840 2352 2869; x_wconf 90' lang='grc' dir='ltr'>τοιουτον</span> <span class='ocrx_word' id='word_1_509' title='bbox 2386 2819 2530 2883; x_wconf 84' lang='grc' dir='ltr'>λόγον,</span> <span class='ocrx_word' id='word_1_510' title='bbox 2563 2813 2690 2878; x_wconf 76' lang='grc' dir='ltr'>ἦλθον</span> <span class='ocrx_word' id='word_1_511' title='bbox 2723 2823 2798 2867; x_wconf 83' lang='grc' dir='ltr'>ἀπ’</span> 
     </span>
     <span class='ocr_line' id='line_1_102' title="bbox 1520 2892 2798 2958; baseline -0.001 -18"><span class='ocrx_word' id='word_1_512' title='bbox 1520 2895 1726 2955; x_wconf 70' lang='grc' dir='ltr'>ἐμαυτῆς·</span> <span class='ocrx_word' id='word_1_513' title='bbox 1745 2892 1890 2958; x_wconf 78' lang='grc' dir='ltr'>ὅπερ’</span> <span class='ocrx_word' id='word_1_514' title='bbox 1872 2913 1984 2941; x_wconf 86' lang='grc' dir='ltr'>εστιν</span> <span class='ocrx_word' id='word_1_515' title='bbox 2002 2893 2276 2951; x_wconf 81' lang='grc' dir='ltr'>αὐτοκινήτου</span> <span class='ocrx_word' id='word_1_516' title='bbox 2299 2899 2428 2957; x_wconf 77' lang='grc' dir='ltr'>φορᾶς</span> <span class='ocrx_word' id='word_1_517' title='bbox 2448 2892 2694 2949; x_wconf 84' lang='grc' dir='ltr'>δηλωτικόν</span> <span class='ocrx_word' id='word_1_518' title='bbox 2720 2896 2741 2939; x_wconf 84' lang='grc' dir='ltr'>ὁ</span> <span class='ocrx_word' id='word_1_519' title='bbox 2756 2892 2798 2939; x_wconf 83' lang='grc' dir='ltr'>δὲ</span> 
     </span>
     <span class='ocr_line' id='line_1_103' title="bbox 1519 2964 2791 3031; baseline -0.003 -17.975"><span class='ocrx_word' id='word_1_520' title='bbox 1519 2964 1697 3030; x_wconf 74' lang='grc' dir='ltr'>Ίυφὼν,</span> <span class='ocrx_word' id='word_1_521' title='bbox 1741 2985 1886 3031; x_wconf 88' lang='grc' dir='ltr'>ωσπερ</span> <span class='ocrx_word' id='word_1_522' title='bbox 1925 2965 2113 3031; x_wconf 87' lang='grc' dir='ltr'>εἴρηται,</span> <span class='ocrx_word' id='word_1_523' title='bbox 2152 2965 2244 3023; x_wconf 81' lang='grc' dir='ltr'>Σὴθ</span> <span class='ocrx_word' id='word_1_524' title='bbox 2277 2984 2350 3011; x_wconf 87' lang='grc' dir='ltr'>και</span> <span class='ocrx_word' id='word_1_525' title='bbox 2396 2964 2544 3011; x_wconf 75' lang='grc' dir='ltr'>Βέὸων</span> <span class='ocrx_word' id='word_1_526' title='bbox 2586 2964 2658 3011; x_wconf 84' lang='grc' dir='ltr'>καὶ</span> <span class='ocrx_word' id='word_1_527' title='bbox 2695 2964 2791 3026; x_wconf 79' lang='grc' dir='ltr'>Σμυ</span> 
     </span>
     <span class='ocr_line' id='line_1_104' title="bbox 1515 3034 2796 3101; baseline -0.003 -17"><span class='ocrx_word' id='word_1_528' title='bbox 1515 3038 1788 3100; x_wconf 79' lang='grc' dir='ltr'>ὀνομάζεται,</span> <span class='ocrx_word' id='word_1_529' title='bbox 1802 3037 1936 3101; x_wconf 90' lang='grc' dir='ltr'>βίαιόν</span> <span class='ocrx_word' id='word_1_530' title='bbox 1953 3057 2046 3084; x_wconf 90' lang='grc' dir='ltr'>τινα</span> <span class='ocrx_word' id='word_1_531' title='bbox 2060 3036 2134 3084; x_wconf 81' lang='grc' dir='ltr'>καὶ</span> <span class='ocrx_word' id='word_1_532' title='bbox 2149 3034 2385 3093; x_wconf 82' lang='grc' dir='ltr'>κωλυτικὴν</span> <span class='ocrx_word' id='word_1_533' title='bbox 2406 3034 2642 3099; x_wconf 77' lang='grc' dir='ltr'>ἐπίσχεσιν,</span> <span class='ocrx_word' id='word_1_534' title='bbox 2667 3038 2796 3081; x_wconf 75' lang='grc' dir='ltr'>ὑπεν·</span> 
     </span>
     <span class='ocr_line' id='line_1_105' title="bbox 1517 3107 2797 3174; baseline -0.001 -19"><span class='ocrx_word' id='word_1_535' title='bbox 1517 3109 1715 3156; x_wconf 89' lang='grc' dir='ltr'>αντίωσιν</span> <span class='ocrx_word' id='word_1_536' title='bbox 1761 3109 1789 3167; x_wconf 86' lang='grc' dir='ltr'>ἢ</span> <span class='ocrx_word' id='word_1_537' title='bbox 1831 3109 2098 3174; x_wconf 73' lang='grc' dir='ltr'>ἀναστροφὴν</span> <span class='ocrx_word' id='word_1_538' title='bbox 2148 3108 2366 3174; x_wconf 76' lang='grc' dir='ltr'>ἐμφαίνειν</span> <span class='ocrx_word' id='word_1_539' title='bbox 2413 3107 2675 3172; x_wconf 85' lang='grc' dir='ltr'>βουλομένων</span> <span class='ocrx_word' id='word_1_540' title='bbox 2716 3111 2797 3154; x_wconf 77' lang='grc' dir='ltr'>τῶν</span> 
     </span>
     <span class='ocr_line' id='line_1_106' title="bbox 1515 3178 2793 3244; baseline -0.002 -17"><span class='ocrx_word' id='word_1_541' title='bbox 1515 3181 1751 3242; x_wconf 82' lang='grc' dir='ltr'>ὀνομάτων.</span> <span class='ocrx_word' id='word_1_542' title='bbox 1771 3178 1874 3228; x_wconf 87' lang='grc' dir='ltr'>Ἔτι</span> <span class='ocrx_word' id='word_1_543' title='bbox 1891 3179 1967 3237; x_wconf 82' lang='grc' dir='ltr'>τὴν</span> <span class='ocrx_word' id='word_1_544' title='bbox 1988 3181 2193 3244; x_wconf 81' lang='grc' dir='ltr'>σιδηρῖτιν</span> <span class='ocrx_word' id='word_1_545' title='bbox 2209 3179 2342 3237; x_wconf 89' lang='grc' dir='ltr'>λίθον,</span> <span class='ocrx_word' id='word_1_546' title='bbox 2361 3178 2504 3226; x_wconf 84' lang='grc' dir='ltr'>ὀστέον</span> <span class='ocrx_word' id='word_1_547' title='bbox 2520 3178 2679 3242; x_wconf 47' lang='grc' dir='ltr'>(Ὤρου,</span> <span class='ocrx_word' id='word_1_548' title='bbox 2701 3180 2793 3225; x_wconf 86' lang='grc' dir='ltr'>Ἰὐ-</span> 
     </span>
    </p>
   </div>
   <div class='ocr_carea' id='block_1_37' title="bbox 1511 3387 2795 3625">
    <p class='ocr_par' dir='ltr' id='par_1_50' title="bbox 1511 3387 2795 3625">
     <span class='ocr_line' id='line_1_107' title="bbox 1565 3387 2791 3437; baseline -0.002 -9"><span class='ocrx_word' id='word_1_549' title='bbox 1565 3390 1734 3437; x_wconf 90' lang='lat' dir='ltr'>Quidam</span> <span class='ocrx_word' id='word_1_550' title='bbox 1747 3389 1883 3428; x_wconf 84' lang='lat' dir='ltr'>dieunt</span> <span class='ocrx_word' id='word_1_551' title='bbox 1900 3389 2094 3428; x_wconf 89' lang='lat' dir='ltr'>Bebonem</span> <span class='ocrx_word' id='word_1_552' title='bbox 2111 3400 2237 3428; x_wconf 91' lang='lat' dir='ltr'>unum</span> <span class='ocrx_word' id='word_1_553' title='bbox 2253 3388 2301 3428; x_wconf 91' lang='lat' dir='ltr'>de</span> <span class='ocrx_word' id='word_1_554' title='bbox 2316 3388 2430 3427; x_wconf 89' lang='lat' dir='ltr'>sociis</span> <span class='ocrx_word' id='word_1_555' title='bbox 2445 3387 2641 3437; x_wconf 71' lang='lat' dir='ltr'>Typhonis</span> <span class='ocrx_word' id='word_1_556' title='bbox 2656 3388 2791 3433; x_wconf 74' lang='lat' dir='ltr'>suisse;</span> 
     </span>
     <span class='ocr_line' id='line_1_108' title="bbox 1512 3451 2795 3502; baseline -0.005 -10"><span class='ocrx_word' id='word_1_557' title='bbox 1512 3453 1717 3492; x_wconf 86' lang='lat' dir='ltr'>Manethos</span> <span class='ocrx_word' id='word_1_558' title='bbox 1744 3452 1921 3502; x_wconf 72' lang='lat' dir='ltr'>&#39;typhoni</span> <span class='ocrx_word' id='word_1_559' title='bbox 1954 3452 2071 3491; x_wconf 88' lang='lat' dir='ltr'>etiam</span> <span class='ocrx_word' id='word_1_560' title='bbox 2106 3451 2284 3491; x_wconf 82' lang='lat' dir='ltr'>Bebonis</span> <span class='ocrx_word' id='word_1_561' title='bbox 2315 3461 2457 3490; x_wconf 90' lang='lat' dir='ltr'>nomen</span> <span class='ocrx_word' id='word_1_562' title='bbox 2486 3451 2629 3488; x_wconf 84' lang='lat' dir='ltr'>sactum</span> <span class='ocrx_word' id='word_1_563' title='bbox 2660 3465 2669 3488; x_wconf 77' lang='lat' dir='ltr'><strong><em>z</em></strong></span> <span class='ocrx_word' id='word_1_564' title='bbox 2700 3461 2795 3488; x_wconf 71' lang='lat' dir='ltr'>voce</span> 
     </span>
     <span class='ocr_line' id='line_1_109' title="bbox 1511 3513 2793 3567; baseline -0.004 -11"><span class='ocrx_word' id='word_1_565' title='bbox 1511 3517 1759 3556; x_wconf 84' lang='lat' dir='ltr'><strong>obstaculum</strong></span> <span class='ocrx_word' id='word_1_566' title='bbox 1790 3527 1859 3556; x_wconf 88' lang='lat' dir='ltr'>seu</span> <span class='ocrx_word' id='word_1_567' title='bbox 1901 3516 2227 3567; x_wconf 86' lang='lat' dir='ltr'>impedimentum</span> <span class='ocrx_word' id='word_1_568' title='bbox 2259 3515 2518 3565; x_wconf 79' lang='lat' dir='ltr'>significante3</span> <span class='ocrx_word' id='word_1_569' title='bbox 2549 3513 2653 3563; x_wconf 92' lang='lat' dir='ltr'><strong>quod</strong></span> <span class='ocrx_word' id='word_1_570' title='bbox 2681 3514 2793 3552; x_wconf 72' lang='lat' dir='ltr'>rebus</span> 
     </span>
     <span class='ocr_line' id='line_1_110' title="bbox 1511 3576 2792 3625; baseline -0.004 -6"><span class='ocrx_word' id='word_1_571' title='bbox 1511 3582 1620 3619; x_wconf 82' lang='lat' dir='ltr'>reeta</span> <span class='ocrx_word' id='word_1_572' title='bbox 1635 3579 1905 3618; x_wconf 89' lang='lat' dir='ltr'>incedentibus</span> <span class='ocrx_word' id='word_1_573' title='bbox 1916 3581 1955 3619; x_wconf 92' lang='lat' dir='ltr'>et</span> <span class='ocrx_word' id='word_1_574' title='bbox 1970 3578 2018 3618; x_wconf 91' lang='lat' dir='ltr'>ad</span> <span class='ocrx_word' id='word_1_575' title='bbox 2035 3590 2150 3618; x_wconf 90' lang='lat' dir='ltr'><strong>suum</strong></span> <span class='ocrx_word' id='word_1_576' title='bbox 2168 3578 2283 3618; x_wconf 78' lang='lat' dir='ltr'>[inem</span> <span class='ocrx_word' id='word_1_577' title='bbox 2299 3576 2547 3617; x_wconf 84' lang='lat' dir='ltr'>tendentibus</span> <span class='ocrx_word' id='word_1_578' title='bbox 2562 3576 2620 3614; x_wconf 73' lang='lat' dir='ltr'>vis</span> <span class='ocrx_word' id='word_1_579' title='bbox 2638 3577 2792 3625; x_wconf 79' lang='lat' dir='ltr'>Typho-</span> 
     </span>
    </p>
   </div>
   <div class='ocr_carea' id='block_1_38' title="bbox 1512 3643 2187 3738">
    <p class='ocr_par' dir='ltr' id='par_1_51' title="bbox 1512 3643 2187 3738">
     <span class='ocr_line' id='line_1_111' title="bbox 1512 3643 1768 3683; baseline 0 -1"><span class='ocrx_word' id='word_1_580' title='bbox 1512 3643 1572 3683; x_wconf 84' lang='lat' dir='ltr'>nis</span> <span class='ocrx_word' id='word_1_581' title='bbox 1591 3643 1768 3683; x_wconf 86' lang='lat' dir='ltr'>obsistat.</span> 
     </span>
     <span class='ocr_line' id='line_1_112' title="bbox 2117 3699 2187 3738; baseline 0 -1"><span class='ocrx_word' id='word_1_582' title='bbox 2117 3699 2187 3738; x_wconf 88' lang='grc'>77.</span> 
     </span>
    </p>
   </div>
   <div class='ocr_carea' id='block_1_39' title="bbox 1511 3762 2791 4195">
    <p class='ocr_par' dir='ltr' id='par_1_52' title="bbox 1511 3762 2791 4195">
     <span class='ocr_line' id='line_1_113' title="bbox 1564 3762 2791 3813; baseline -0.004 -11"><span class='ocrx_word' id='word_1_583' title='bbox 1564 3764 1632 3812; x_wconf 72' lang='lat' dir='ltr'>ilis</span> <span class='ocrx_word' id='word_1_584' title='bbox 1651 3764 1890 3802; x_wconf 85' lang='lat' dir='ltr'>conveniunt</span> <span class='ocrx_word' id='word_1_585' title='bbox 1905 3764 2023 3803; x_wconf 90' lang='lat' dir='ltr'>etiam</span> <span class='ocrx_word' id='word_1_586' title='bbox 2040 3764 2229 3813; x_wconf 81' lang='lat' dir='ltr'>AEgyptia.</span> <span class='ocrx_word' id='word_1_587' title='bbox 2245 3762 2383 3806; x_wconf 82' lang='lat' dir='ltr'>Isidem</span> <span class='ocrx_word' id='word_1_588' title='bbox 2403 3764 2507 3800; x_wconf 86' lang='lat' dir='ltr'>enim</span> <span class='ocrx_word' id='word_1_589' title='bbox 2522 3770 2791 3809; x_wconf 77' lang='lat' dir='ltr'>saepenumero</span> 
     </span>
     <span class='ocr_line' id='line_1_114' title="bbox 1511 3824 2791 3877; baseline -0.002 -12"><span class='ocrx_word' id='word_1_590' title='bbox 1511 3826 1670 3869; x_wconf 83' lang='lat' dir='ltr'>nomine</span> <span class='ocrx_word' id='word_1_591' title='bbox 1684 3827 1875 3876; x_wconf 67' lang='lat' dir='ltr'>Minervae,</span> <span class='ocrx_word' id='word_1_592' title='bbox 1886 3827 2127 3877; x_wconf 82' lang='lat' dir='ltr'>significant,</span> <span class='ocrx_word' id='word_1_593' title='bbox 2143 3837 2233 3876; x_wconf 84' lang='lat' dir='ltr'>quae</span> <span class='ocrx_word' id='word_1_594' title='bbox 2248 3836 2323 3864; x_wconf 84' lang='lat' dir='ltr'>vox</span> <span class='ocrx_word' id='word_1_595' title='bbox 2342 3824 2530 3874; x_wconf 77' lang='lat' dir='ltr'>significat</span> <span class='ocrx_word' id='word_1_596' title='bbox 2545 3826 2696 3862; x_wconf 83' lang='lat' dir='ltr'>motum</span> <span class='ocrx_word' id='word_1_597' title='bbox 2712 3834 2734 3861; x_wconf 88' lang='lat' dir='ltr'><strong>a</strong></span> <span class='ocrx_word' id='word_1_598' title='bbox 2749 3834 2791 3862; x_wconf 90' lang='lat' dir='ltr'>se</span> 
     </span>
     <span class='ocr_line' id='line_1_115' title="bbox 1512 3885 2788 3940; baseline -0.004 -12"><span class='ocrx_word' id='word_1_599' title='bbox 1512 3890 1594 3939; x_wconf 81' lang='lat' dir='ltr'>ipso</span> <span class='ocrx_word' id='word_1_600' title='bbox 1623 3890 1857 3940; x_wconf 79' lang='lat' dir='ltr'>profectum.</span> <span class='ocrx_word' id='word_1_601' title='bbox 1897 3890 2062 3940; x_wconf 87' lang='lat' dir='ltr'>Typhon</span> <span class='ocrx_word' id='word_1_602' title='bbox 2091 3892 2246 3937; x_wconf 89' lang='lat' dir='ltr'>autem,</span> <span class='ocrx_word' id='word_1_603' title='bbox 2269 3888 2369 3927; x_wconf 87' lang='lat' dir='ltr'>sieut</span> <span class='ocrx_word' id='word_1_604' title='bbox 2398 3888 2659 3925; x_wconf 86' lang='lat' dir='ltr'>monstratum</span> <span class='ocrx_word' id='word_1_605' title='bbox 2690 3885 2788 3934; x_wconf 82' lang='lat' dir='ltr'>suit,</span> 
     </span>
     <span class='ocr_line' id='line_1_116' title="bbox 1514 3948 2788 4004; baseline -0.005 -12"><span class='ocrx_word' id='word_1_606' title='bbox 1514 3952 1637 4004; x_wconf 50' lang='lat' dir='ltr'>sech.</span> <span class='ocrx_word' id='word_1_607' title='bbox 1664 3953 1802 4000; x_wconf 84' lang='lat' dir='ltr'>Bebon</span> <span class='ocrx_word' id='word_1_608' title='bbox 1836 3954 1876 3992; x_wconf 92' lang='lat' dir='ltr'>et</span> <span class='ocrx_word' id='word_1_609' title='bbox 1906 3956 2003 4003; x_wconf 77' lang='lat' dir='ltr'>Smy</span> <span class='ocrx_word' id='word_1_610' title='bbox 2029 3953 2243 4003; x_wconf 80' lang='lat' dir='ltr'>appellatur</span> <span class='ocrx_word' id='word_1_611' title='bbox 2267 3951 2434 4000; x_wconf 87' lang='lat' dir='ltr'>:quibus</span> <span class='ocrx_word' id='word_1_612' title='bbox 2450 3949 2576 3988; x_wconf 79' lang='lat' dir='ltr'>verbis</span> <span class='ocrx_word' id='word_1_613' title='bbox 2595 3948 2788 3987; x_wconf 81' lang='lat' dir='ltr'>indicatur</span> 
     </span>
     <span class='ocr_line' id='line_1_117' title="bbox 1514 4011 2784 4067; baseline -0.006 -12"><span class='ocrx_word' id='word_1_614' title='bbox 1514 4016 1684 4067; x_wconf 75' lang='lat' dir='ltr'>violenta</span> <span class='ocrx_word' id='word_1_615' title='bbox 1724 4016 1907 4066; x_wconf 85' lang='lat' dir='ltr'><strong>quaedam</strong></span> <span class='ocrx_word' id='word_1_616' title='bbox 1949 4016 2148 4062; x_wconf 81' lang='lat' dir='ltr'>inhibitio,</span> <span class='ocrx_word' id='word_1_617' title='bbox 2188 4013 2463 4059; x_wconf 82' lang='lat' dir='ltr'>contrarietas,</span> <span class='ocrx_word' id='word_1_618' title='bbox 2498 4014 2565 4050; x_wconf 87' lang='lat' dir='ltr'>aut</span> <span class='ocrx_word' id='word_1_619' title='bbox 2605 4011 2784 4050; x_wconf 75' lang='lat' dir='ltr'>inversio.</span> 
     </span>
     <span class='ocr_line' id='line_1_118' title="bbox 1516 4074 2787 4129; baseline -0.006 -11"><span class='ocrx_word' id='word_1_620' title='bbox 1516 4081 1710 4119; x_wconf 70' lang='lat' dir='ltr'>Praeterea</span> <span class='ocrx_word' id='word_1_621' title='bbox 1734 4081 1954 4129; x_wconf 78' lang='lat' dir='ltr'>magnetem</span> <span class='ocrx_word' id='word_1_622' title='bbox 1986 4078 2151 4127; x_wconf 84' lang='lat' dir='ltr'>lapidem</span> <span class='ocrx_word' id='word_1_623' title='bbox 2184 4076 2279 4115; x_wconf 85' lang='lat' dir='ltr'><strong>ossis</strong></span> <span class='ocrx_word' id='word_1_624' title='bbox 2293 4076 2382 4124; x_wconf 85' lang='lat' dir='ltr'>Ori,</span> <span class='ocrx_word' id='word_1_625' title='bbox 2405 4076 2551 4113; x_wconf 81' lang='lat' dir='ltr'>serrum</span> <span class='ocrx_word' id='word_1_626' title='bbox 2580 4074 2675 4112; x_wconf 84' lang='lat' dir='ltr'><strong>ossis</strong></span> <span class='ocrx_word' id='word_1_627' title='bbox 2708 4077 2787 4122; x_wconf 63' lang='lat' dir='ltr'>Ty-</span> 
     </span>
     <span class='ocr_line' id='line_1_119' title="bbox 1515 4137 2787 4195; baseline -0.005 -16"><span class='ocrx_word' id='word_1_628' title='bbox 1515 4142 1651 4192; x_wconf 73' lang='lat' dir='ltr'>piionjs</span> <span class='ocrx_word' id='word_1_629' title='bbox 1681 4142 1840 4195; x_wconf 84' lang='lat' dir='ltr'>nomine</span> <span class='ocrx_word' id='word_1_630' title='bbox 1863 4142 2063 4193; x_wconf 65' lang='lat' dir='ltr'>afliciunt,</span> <span class='ocrx_word' id='word_1_631' title='bbox 2090 4143 2133 4179; x_wconf 84' lang='lat' dir='ltr'>ut</span> <span class='ocrx_word' id='word_1_632' title='bbox 2154 4139 2336 4179; x_wconf 71' lang='lat' dir='ltr'>Mancino</span> <span class='ocrx_word' id='word_1_633' title='bbox 2371 4140 2510 4176; x_wconf 80' lang='lat' dir='ltr'>narrat.</span> <span class='ocrx_word' id='word_1_634' title='bbox 2545 4138 2652 4177; x_wconf 85' lang='lat' dir='ltr'>Sicut</span> <span class='ocrx_word' id='word_1_635' title='bbox 2682 4137 2787 4175; x_wconf 75' lang='lat' dir='ltr'>enim</span> 
     </span>
    </p>
   </div>
  </div>
 </body>
</html>
