<?xml version="1.0" encoding="UTF-8"?>
<!DOCTYPE html PUBLIC "-//W3C//DTD XHTML 1.0 Transitional//EN"
    "http://www.w3.org/TR/xhtml1/DTD/xhtml1-transitional.dtd">
<html xmlns="http://www.w3.org/1999/xhtml" xml:lang="en" lang="en">
 <head>
  <title>
</title>
<meta http-equiv="Content-Type" content="text/html;charset=utf-8" />
  <meta name='ocr-system' content='tesseract 3.04.00' />
  <meta name='ocr-capabilities' content='ocr_page ocr_carea ocr_par ocr_line ocrx_word'/>
</head>
<body>
  <div class='ocr_page' id='page_1' title='image "./fragmentahistori02mueluoft_0195.png"; bbox 0 0 3016 4628; ppageno 0'>
   <div class='ocr_carea' id='block_1_1' title="bbox 49 0 86 122">
    <p class='ocr_par' dir='ltr' id='par_1_1' title="bbox 49 0 86 122">
     <span class='ocr_line' id='line_1_1' title="bbox 49 0 86 122; textangle 90"><span class='ocrx_word' id='word_1_1' title='bbox 49 0 86 122; x_wconf 18' lang='lat' dir='ltr'>&#39;‘:ssffna</span> 
     </span>
    </p>
   </div>
   <div class='ocr_carea' id='block_1_2' title="bbox 49 256 2744 335">
    <p class='ocr_par' dir='ltr' id='par_1_2' title="bbox 49 256 2744 335">
     <span class='ocr_line' id='line_1_2' title="bbox 49 256 2744 335; baseline 0.001 -5"><span class='ocrx_word' id='word_1_2' title='bbox 49 259 79 318; x_wconf 68' lang='lat' dir='ltr'>*s</span> <span class='ocrx_word' id='word_1_3' title='bbox 119 256 122 258; x_wconf 57' lang='grc'>’</span> <span class='ocrx_word' id='word_1_4' title='bbox 780 285 1034 335; x_wconf 79' lang='lat' dir='ltr'>EUBOEAE</span> <span class='ocrx_word' id='word_1_5' title='bbox 1070 284 1149 331; x_wconf 81' lang='lat' dir='ltr'>ET</span> <span class='ocrx_word' id='word_1_6' title='bbox 1182 282 1627 331; x_wconf 78' lang='lat' dir='ltr'>THEBANORUM</span> <span class='ocrx_word' id='word_1_7' title='bbox 1664 283 2077 332; x_wconf 70' lang='lat' dir='ltr'>Rsssrussmcsn.</span> <span class='ocrx_word' id='word_1_8' title='bbox 2655 291 2744 333; x_wconf 66' lang='grc' dir='ltr'>ιιι</span> 
     </span>
    </p>
   </div>
   <div class='ocr_carea' id='block_1_3' title="bbox 44 358 71 531">
    <p class='ocr_par' dir='ltr' id='par_1_3' title="bbox 44 358 71 531">
     <span class='ocr_line' id='line_1_3' title="bbox 44 358 71 531; textangle 90"><span class='ocrx_word' id='word_1_9' title='bbox 44 398 68 531; x_wconf 43' lang='lat' dir='ltr'>’&#39;⁴⁵3⁴st</span> <span class='ocrx_word' id='word_1_10' title='bbox 66 358 71 364; x_wconf 64' lang='grc'>,</span> 
     </span>
    </p>
   </div>
   <div class='ocr_carea' id='block_1_4' title="bbox 691 517 798 548">
    <p class='ocr_par' dir='ltr' id='par_1_4' title="bbox 691 517 798 548">
     <span class='ocr_line' id='line_1_4' title="bbox 691 517 798 548; baseline 0.019 -2"><span class='ocrx_word' id='word_1_11' title='bbox 691 517 798 548; x_wconf 86' lang='lat'><strong>110.</strong></span> 
     </span>
    </p>
   </div>
   <div class='ocr_carea' id='block_1_5' title="bbox 110 593 1393 813">
    <p class='ocr_par' dir='ltr' id='par_1_5' title="bbox 110 593 1393 813">
     <span class='ocr_line' id='line_1_5' title="bbox 176 593 1390 662; baseline -0.012 -7"><span class='ocrx_word' id='word_1_12' title='bbox 176 609 354 655; x_wconf 89' lang='lat' dir='ltr'>Zenob.</span> <span class='ocrx_word' id='word_1_13' title='bbox 382 609 470 662; x_wconf 92' lang='lat' dir='ltr'>VI,</span> <span class='ocrx_word' id='word_1_14' title='bbox 500 618 591 662; x_wconf 86' lang='lat'>17:</span> <span class='ocrx_word' id='word_1_15' title='bbox 617 599 800 650; x_wconf 84' lang='grc' dir='ltr'>Τίούκ</span> <span class='ocrx_word' id='word_1_16' title='bbox 827 595 1072 660; x_wconf 83' lang='grc' dir='ltr'>ἅπηγξω,</span> <span class='ocrx_word' id='word_1_17' title='bbox 1095 593 1179 642; x_wconf 89' lang='grc' dir='ltr'>ινα</span> <span class='ocrx_word' id='word_1_18' title='bbox 1203 593 1390 652; x_wconf 73' lang='grc' dir='ltr'>Θηὸη-</span> 
     </span>
     <span class='ocr_line' id='line_1_6' title="bbox 110 664 1391 743; baseline -0.012 -16"><span class='ocrx_word' id='word_1_19' title='bbox 110 697 190 727; x_wconf 88' lang='grc' dir='ltr'>σιν</span> <span class='ocrx_word' id='word_1_20' title='bbox 222 677 364 743; x_wconf 82' lang='grc' dir='ltr'>ἥρως</span> <span class='ocrx_word' id='word_1_21' title='bbox 385 674 532 740; x_wconf 82' lang='grc' dir='ltr'>γένῃ;</span> <span class='ocrx_word' id='word_1_22' title='bbox 556 671 731 729; x_wconf 85' lang='grc' dir='ltr'>Ταύτης</span> <span class='ocrx_word' id='word_1_23' title='bbox 759 667 946 717; x_wconf 83' lang='grc' dir='ltr'>Πλάτων</span> <span class='ocrx_word' id='word_1_24' title='bbox 983 670 1028 715; x_wconf 83' lang='grc' dir='ltr'>ἐν</span> <span class='ocrx_word' id='word_1_25' title='bbox 1070 666 1273 731; x_wconf 85' lang='grc' dir='ltr'>Μενέλεῳ</span> <span class='ocrx_word' id='word_1_26' title='bbox 1313 664 1391 728; x_wconf 90' lang='grc' dir='ltr'>μέ-</span> 
     </span>
     <span class='ocr_line' id='line_1_7' title="bbox 110 739 1393 813; baseline -0.012 -15"><span class='ocrx_word' id='word_1_27' title='bbox 110 769 288 813; x_wconf 86' lang='grc' dir='ltr'>μνηται.</span> <span class='ocrx_word' id='word_1_28' title='bbox 315 746 435 797; x_wconf 86' lang='grc' dir='ltr'>Φασὶ</span> <span class='ocrx_word' id='word_1_29' title='bbox 466 744 510 792; x_wconf 84' lang='grc' dir='ltr'>δὲ</span> <span class='ocrx_word' id='word_1_30' title='bbox 531 743 595 791; x_wconf 82' lang='grc' dir='ltr'>ὅτι</span> <span class='ocrx_word' id='word_1_31' title='bbox 615 745 658 790; x_wconf 82' lang='grc' dir='ltr'>ἐν</span> <span class='ocrx_word' id='word_1_32' title='bbox 681 739 854 799; x_wconf 73' lang='grc' dir='ltr'>Θήὸαις</span> <span class='ocrx_word' id='word_1_33' title='bbox 869 741 949 787; x_wconf 81' lang='grc' dir='ltr'>οἳ</span> <span class='ocrx_word' id='word_1_34' title='bbox 931 757 1106 792; x_wconf 87' lang='grc' dir='ltr'>εαυτους</span> <span class='ocrx_word' id='word_1_35' title='bbox 1125 740 1393 802; x_wconf 72' lang='grc' dir='ltr'>ἀναιροῦντες</span> 
     </span>
    </p>
   </div>
   <div class='ocr_carea' id='block_1_6' title="bbox 110 809 1391 904">
    <p class='ocr_par' dir='ltr' id='par_1_6' title="bbox 110 809 1391 904">
     <span class='ocr_line' id='line_1_8' title="bbox 110 809 1391 904; baseline -0.012 -34"><span class='ocrx_word' id='word_1_36' title='bbox 110 822 309 885; x_wconf 78' lang='grc' dir='ltr'>οὐδεμιᾶς</span> <span class='ocrx_word' id='word_1_37' title='bbox 331 821 458 882; x_wconf 78' lang='grc' dir='ltr'>τιμῆς</span> <span class='ocrx_word' id='word_1_38' title='bbox 475 818 690 904; x_wconf 84' lang='grc' dir='ltr'>μετεῖχον.</span> <span class='ocrx_word' id='word_1_39' title='bbox 760 811 852 861; x_wconf 81' lang='grc' dir='ltr'>Καὶ</span> <span class='ocrx_word' id='word_1_40' title='bbox 886 809 1181 876; x_wconf 86' lang='grc' dir='ltr'>Ἀριστοτέλης</span> <span class='ocrx_word' id='word_1_41' title='bbox 1206 809 1250 856; x_wconf 84' lang='grc' dir='ltr'>δέ</span> <span class='ocrx_word' id='word_1_42' title='bbox 1286 827 1391 900; x_wconf 82' lang='grc' dir='ltr'>φησι</span> 
     </span>
    </p>
   </div>
   <div class='ocr_carea' id='block_1_7' title="bbox 57 884 1411 958">
    <p class='ocr_par' dir='ltr' id='par_1_7' title="bbox 57 884 1411 958">
     <span class='ocr_line' id='line_1_9' title="bbox 57 884 1411 958; baseline -0.012 -17"><span class='ocrx_word' id='word_1_43' title='bbox 57 921 60 924; x_wconf 58' lang='lat'><strong>&gt;</strong></span> <span class='ocrx_word' id='word_1_44' title='bbox 108 891 206 958; x_wconf 81' lang='grc' dir='ltr'>περὶ</span> <span class='ocrx_word' id='word_1_45' title='bbox 221 890 428 950; x_wconf 75' lang='grc' dir='ltr'>Θηὸαίων</span> <span class='ocrx_word' id='word_1_46' title='bbox 447 889 496 936; x_wconf 83' lang='grc' dir='ltr'>τὸ</span> <span class='ocrx_word' id='word_1_47' title='bbox 509 887 614 935; x_wconf 82' lang='grc' dir='ltr'>αὐτὸ</span> <span class='ocrx_word' id='word_1_48' title='bbox 635 904 786 944; x_wconf 81' lang='grc' dir='ltr'>τουτο,</span> <span class='ocrx_word' id='word_1_49' title='bbox 809 884 873 931; x_wconf 80' lang='grc' dir='ltr'>ὅτι</span> <span class='ocrx_word' id='word_1_50' title='bbox 897 903 992 937; x_wconf 86' lang='grc' dir='ltr'>τους</span> <span class='ocrx_word' id='word_1_51' title='bbox 1013 884 1264 948; x_wconf 80' lang='grc' dir='ltr'>αὐτόχειρας</span> <span class='ocrx_word' id='word_1_52' title='bbox 1287 886 1411 930; x_wconf 82' lang='grc' dir='ltr'>ἑαυ-.</span> 
     </span>
    </p>
   </div>
   <div class='ocr_carea' id='block_1_8' title="bbox 42 953 1390 1099">
    <p class='ocr_par' dir='ltr' id='par_1_8' title="bbox 42 953 1390 1099">
     <span class='ocr_line' id='line_1_10' title="bbox 107 953 1390 1027; baseline -0.009 -16"><span class='ocrx_word' id='word_1_53' title='bbox 107 966 191 1011; x_wconf 87' lang='grc' dir='ltr'>τῶν</span> <span class='ocrx_word' id='word_1_54' title='bbox 220 961 464 1027; x_wconf 85' lang='grc' dir='ltr'>γινομένους</span> <span class='ocrx_word' id='word_1_55' title='bbox 479 961 557 1007; x_wconf 81' lang='grc' dir='ltr'>οὐκ</span> <span class='ocrx_word' id='word_1_56' title='bbox 588 956 760 1021; x_wconf 82' lang='grc' dir='ltr'>ἐτίμων.</span> <span class='ocrx_word' id='word_1_57' title='bbox 793 956 858 1006; x_wconf 85' lang='grc' dir='ltr'>Τὸ</span> <span class='ocrx_word' id='word_1_58' title='bbox 878 960 950 1004; x_wconf 81' lang='grc' dir='ltr'>οὖν</span> <span class='ocrx_word' id='word_1_59' title='bbox 969 954 1084 1004; x_wconf 82' lang='grc' dir='ltr'>Ἵνα</span> <span class='ocrx_word' id='word_1_60' title='bbox 1121 955 1148 1012; x_wconf 81' lang='grc' dir='ltr'>ἥ</span> <span class='ocrx_word' id='word_1_61' title='bbox 1162 974 1257 1019; x_wconf 90' lang='grc' dir='ltr'>ρως</span> <span class='ocrx_word' id='word_1_62' title='bbox 1269 953 1353 1017; x_wconf 84' lang='grc' dir='ltr'>γέν</span> <span class='ocrx_word' id='word_1_63' title='bbox 1364 975 1390 1018; x_wconf 78' lang='grc' dir='ltr'>ῃ</span> 
     </span>
     <span class='ocr_line' id='line_1_11' title="bbox 42 1030 1389 1099; baseline -0.009 -15"><span class='ocrx_word' id='word_1_64' title='bbox 42 1080 44 1084; x_wconf 90' lang='grc'>.</span> <span class='ocrx_word' id='word_1_65' title='bbox 107 1037 203 1084; x_wconf 85' lang='grc' dir='ltr'>κατ’</span> <span class='ocrx_word' id='word_1_66' title='bbox 221 1031 488 1099; x_wconf 83' lang='grc' dir='ltr'>εὖφημισμον</span> <span class='ocrx_word' id='word_1_67' title='bbox 514 1030 693 1098; x_wconf 85' lang='grc' dir='ltr'>εἴρηται.</span> <span class='ocrx_word' id='word_1_68' title='bbox 711 1032 882 1077; x_wconf 89' lang='lat' dir='ltr'>Eadem</span> <span class='ocrx_word' id='word_1_69' title='bbox 899 1031 1133 1076; x_wconf 77' lang='lat' dir='ltr'>Plutaich.</span> <span class='ocrx_word' id='word_1_70' title='bbox 1148 1030 1287 1078; x_wconf 83' lang='lat' dir='ltr'>Prov.</span> <span class='ocrx_word' id='word_1_71' title='bbox 1311 1035 1389 1086; x_wconf 76' lang='lat'>47,</span> 
     </span>
    </p>
   </div>
   <div class='ocr_carea' id='block_1_9' title="bbox 106 1108 810 1251">
    <p class='ocr_par' dir='ltr' id='par_1_9' title="bbox 39 1094 810 1251">
     <span class='ocr_line' id='line_1_12' title="bbox 106 1108 516 1166; baseline -0.008 -9.562"><span class='ocrx_word' id='word_1_72' title='bbox 106 1109 287 1166; x_wconf 88' lang='lat' dir='ltr'>Suidas,</span> <span class='ocrx_word' id='word_1_73' title='bbox 311 1108 516 1153; x_wconf 77' lang='lat' dir='ltr'>Photius.</span> 
     </span>
     <span class='ocr_line' id='line_1_13' title="bbox 701 1221 810 1251; baseline -0.028 0"><span class='ocrx_word' id='word_1_74' title='bbox 701 1223 718 1251; x_wconf 95' lang='lat'>1</span> <span class='ocrx_word' id='word_1_75' title='bbox 735 1222 752 1250; x_wconf 90' lang='lat'>1</span> <span class='ocrx_word' id='word_1_76' title='bbox 769 1221 784 1249; x_wconf 96' lang='lat'>1</span> <span class='ocrx_word' id='word_1_77' title='bbox 802 1239 810 1248; x_wconf 95' lang='lat'><strong>.</strong></span> 
     </span>
    </p>
   </div>
   <div class='ocr_carea' id='block_1_10' title="bbox 33 1302 1391 2311">
    <p class='ocr_par' dir='ltr' id='par_1_10' title="bbox 33 1302 1391 1587">
     <span class='ocr_line' id='line_1_14' title="bbox 168 1302 1391 1369; baseline -0.006 -12"><span class='ocrx_word' id='word_1_78' title='bbox 168 1311 400 1357; x_wconf 80' lang='lat' dir='ltr'><strong>Plutarch.</strong></span> <span class='ocrx_word' id='word_1_79' title='bbox 420 1309 632 1369; x_wconf 88' lang='lat' dir='ltr'>Pelopid.</span> <span class='ocrx_word' id='word_1_80' title='bbox 660 1326 699 1355; x_wconf 92' lang='lat' dir='ltr'>c.</span> <span class='ocrx_word' id='word_1_81' title='bbox 725 1325 742 1352; x_wconf 95' lang='lat'>1</span> <span class='ocrx_word' id='word_1_82' title='bbox 755 1309 809 1369; x_wconf 87' lang='lat'>8,</span> <span class='ocrx_word' id='word_1_83' title='bbox 829 1307 913 1351; x_wconf 92' lang='lat' dir='ltr'>ubi</span> <span class='ocrx_word' id='word_1_84' title='bbox 937 1307 995 1351; x_wconf 94' lang='lat' dir='ltr'>de</span> <span class='ocrx_word' id='word_1_85' title='bbox 1015 1306 1116 1369; x_wconf 79' lang='grc' dir='ltr'>ἱερῷ</span> <span class='ocrx_word' id='word_1_86' title='bbox 1134 1302 1253 1368; x_wconf 86' lang='grc' dir='ltr'>λόχῳ</span> <span class='ocrx_word' id='word_1_87' title='bbox 1273 1307 1391 1351; x_wconf 91' lang='lat' dir='ltr'>The-</span> 
     </span>
     <span class='ocr_line' id='line_1_15' title="bbox 104 1374 1391 1443; baseline -0.005 -14.322"><span class='ocrx_word' id='word_1_88' title='bbox 104 1385 335 1428; x_wconf 86' lang='lat' dir='ltr'>banorum</span> <span class='ocrx_word' id='word_1_89' title='bbox 353 1397 504 1427; x_wconf 78' lang='lat' dir='ltr'>sermo</span> <span class='ocrx_word' id='word_1_90' title='bbox 529 1389 635 1427; x_wconf 86' lang='lat' dir='ltr'>est:</span> <span class='ocrx_word' id='word_1_91' title='bbox 656 1375 799 1427; x_wconf 81' lang='grc' dir='ltr'>Ἔνιοι</span> <span class='ocrx_word' id='word_1_92' title='bbox 817 1376 862 1424; x_wconf 89' lang='grc' dir='ltr'>δέ</span> <span class='ocrx_word' id='word_1_93' title='bbox 887 1395 1014 1443; x_wconf 89' lang='grc' dir='ltr'>φασιν</span> <span class='ocrx_word' id='word_1_94' title='bbox 1038 1374 1122 1430; x_wconf 81' lang='grc' dir='ltr'>ἐξ</span> <span class='ocrx_word' id='word_1_95' title='bbox 1105 1379 1296 1440; x_wconf 83' lang='grc' dir='ltr'>εραστῶν</span> <span class='ocrx_word' id='word_1_96' title='bbox 1317 1376 1391 1423; x_wconf 74' lang='grc' dir='ltr'>καὶ</span> 
     </span>
     <span class='ocr_line' id='line_1_16' title="bbox 47 1446 1390 1518; baseline -0.005 -18"><span class='ocrx_word' id='word_1_97' title='bbox 47 1452 55 1502; x_wconf 60' lang='lat' dir='ltr'>J</span> <span class='ocrx_word' id='word_1_98' title='bbox 105 1451 329 1518; x_wconf 81' lang='grc' dir='ltr'>ἐρωμένων</span> <span class='ocrx_word' id='word_1_99' title='bbox 354 1449 550 1512; x_wconf 88' lang='grc' dir='ltr'>γενέσθαι</span> <span class='ocrx_word' id='word_1_100' title='bbox 583 1449 631 1496; x_wconf 86' lang='grc' dir='ltr'>τὸ</span> <span class='ocrx_word' id='word_1_101' title='bbox 667 1450 869 1511; x_wconf 82' lang='grc' dir='ltr'>σύστημα</span> <span class='ocrx_word' id='word_1_102' title='bbox 899 1452 1056 1496; x_wconf 77' lang='grc' dir='ltr'>τοῦτο.</span> <span class='ocrx_word' id='word_1_103' title='bbox 1066 1446 1314 1510; x_wconf 84' lang='grc' dir='ltr'>..Λέγεται</span> <span class='ocrx_word' id='word_1_104' title='bbox 1347 1447 1390 1494; x_wconf 84' lang='grc' dir='ltr'>δὲ</span> 
     </span>
     <span class='ocr_line' id='line_1_17' title="bbox 33 1500 1391 1587; baseline -0.006 -14"><span class='ocrx_word' id='word_1_105' title='bbox 33 1539 35 1564; x_wconf 75' lang='grc' dir='ltr'>ῑ</span> <span class='ocrx_word' id='word_1_106' title='bbox 103 1523 266 1574; x_wconf 79' lang='grc' dir='ltr'>καὶτὸν</span> <span class='ocrx_word' id='word_1_107' title='bbox 286 1522 516 1572; x_wconf 86' lang='grc' dir='ltr'>Ἰόλεωντ</span> <span class='ocrx_word' id='word_1_108' title='bbox 491 1527 565 1570; x_wconf 80' lang='grc' dir='ltr'>τοῦ</span> <span class='ocrx_word' id='word_1_109' title='bbox 592 1522 855 1587; x_wconf 82' lang='grc' dir='ltr'>Ἡρακλέους</span> <span class='ocrx_word' id='word_1_110' title='bbox 879 1500 1090 1585; x_wconf 82' lang='grc' dir='ltr'>ἐρώμενον</span> <span class='ocrx_word' id='word_1_111' title='bbox 1115 1517 1218 1566; x_wconf 81' lang='grc' dir='ltr'>ὄντα</span> <span class='ocrx_word' id='word_1_112' title='bbox 1241 1538 1391 1566; x_wconf 87' lang='grc' dir='ltr'>κοινω-</span> 
     </span>
    </p>

    <p class='ocr_par' dir='ltr' id='par_1_11' title="bbox 101 1589 1388 1659">
     <span class='ocr_line' id='line_1_18' title="bbox 101 1589 1388 1659; baseline -0.004 -16"><span class='ocrx_word' id='word_1_113' title='bbox 101 1596 187 1644; x_wconf 79' lang='grc' dir='ltr'>νεῖν</span> <span class='ocrx_word' id='word_1_114' title='bbox 211 1598 296 1643; x_wconf 82' lang='grc' dir='ltr'>τῶν</span> <span class='ocrx_word' id='word_1_115' title='bbox 321 1594 460 1642; x_wconf 82' lang='grc' dir='ltr'>ἄθλων</span> <span class='ocrx_word' id='word_1_116' title='bbox 485 1614 558 1642; x_wconf 88' lang='grc' dir='ltr'>και</span> <span class='ocrx_word' id='word_1_117' title='bbox 577 1593 877 1659; x_wconf 82' lang='grc' dir='ltr'>παρασπίζειν.</span> <span class='ocrx_word' id='word_1_118' title='bbox 905 1589 1202 1657; x_wconf 86' lang='grc' dir='ltr'>Ἀριστοτέλης</span> <span class='ocrx_word' id='word_1_119' title='bbox 1225 1591 1268 1639; x_wconf 83' lang='grc' dir='ltr'>δὲ</span> <span class='ocrx_word' id='word_1_120' title='bbox 1292 1594 1388 1638; x_wconf 89' lang='grc' dir='ltr'>καθ’</span> 
     </span>
    </p>

    <p class='ocr_par' dir='ltr' id='par_1_12' title="bbox 78 1663 1387 1803">
     <span class='ocr_line' id='line_1_19' title="bbox 103 1663 1387 1732; baseline -0.005 -16"><span class='ocrx_word' id='word_1_121' title='bbox 103 1667 230 1716; x_wconf 76' lang='grc' dir='ltr'>αὑτὸν</span> <span class='ocrx_word' id='word_1_122' title='bbox 253 1665 316 1714; x_wconf 83' lang='grc' dir='ltr'>ἔτι</span> <span class='ocrx_word' id='word_1_123' title='bbox 345 1666 474 1732; x_wconf 86' lang='grc' dir='ltr'>φησὶν</span> <span class='ocrx_word' id='word_1_124' title='bbox 503 1666 574 1714; x_wconf 81' lang='grc' dir='ltr'>ἐπὶ</span> <span class='ocrx_word' id='word_1_125' title='bbox 593 1672 666 1714; x_wconf 80' lang='grc' dir='ltr'>τοῦ</span> <span class='ocrx_word' id='word_1_126' title='bbox 691 1666 825 1730; x_wconf 90' lang='grc' dir='ltr'>τάφου</span> <span class='ocrx_word' id='word_1_127' title='bbox 849 1669 922 1712; x_wconf 75' lang='grc' dir='ltr'>τοῦ</span> <span class='ocrx_word' id='word_1_128' title='bbox 943 1664 1089 1714; x_wconf 86' lang='grc' dir='ltr'>Ἰόλεω</span> <span class='ocrx_word' id='word_1_129' title='bbox 1105 1663 1181 1717; x_wconf 78' lang='grc' dir='ltr'>τὰς</span> <span class='ocrx_word' id='word_1_130' title='bbox 1197 1682 1387 1710; x_wconf 88' lang='grc' dir='ltr'>καταπι-</span> 
     </span>
     <span class='ocr_line' id='line_1_20' title="bbox 78 1735 1387 1803; baseline -0.005 -14"><span class='ocrx_word' id='word_1_131' title='bbox 78 1740 279 1794; x_wconf 86' lang='grc' dir='ltr'>’στώσεις</span> <span class='ocrx_word' id='word_1_132' title='bbox 315 1743 530 1787; x_wconf 83' lang='grc' dir='ltr'>ποιεῖσθαι</span> <span class='ocrx_word' id='word_1_133' title='bbox 564 1738 660 1793; x_wconf 82' lang='grc' dir='ltr'>τοὺς</span> <span class='ocrx_word' id='word_1_134' title='bbox 689 1737 928 1803; x_wconf 82' lang='grc' dir='ltr'>ἐρωμένους</span> <span class='ocrx_word' id='word_1_135' title='bbox 959 1737 1034 1785; x_wconf 88' lang='grc' dir='ltr'>καὶ</span> <span class='ocrx_word' id='word_1_136' title='bbox 1059 1735 1157 1790; x_wconf 77' lang='grc' dir='ltr'>τοὺς</span> <span class='ocrx_word' id='word_1_137' title='bbox 1189 1736 1387 1801; x_wconf 80' lang='grc' dir='ltr'>ἐραστάς.</span> 
     </span>
    </p>

    <p class='ocr_par' dir='ltr' id='par_1_13' title="bbox 40 1805 1390 2311">
     <span class='ocr_line' id='line_1_21' title="bbox 102 1805 1390 1876; baseline -0.006 -13"><span class='ocrx_word' id='word_1_138' title='bbox 102 1812 230 1868; x_wconf 77' lang='grc' dir='ltr'>Εἰκὸς</span> <span class='ocrx_word' id='word_1_139' title='bbox 255 1805 326 1860; x_wconf 68' lang='grc' dir='ltr'>οῧν</span> <span class='ocrx_word' id='word_1_140' title='bbox 343 1812 416 1859; x_wconf 79' lang='grc' dir='ltr'>καὶ</span> <span class='ocrx_word' id='word_1_141' title='bbox 439 1811 512 1859; x_wconf 87' lang='grc' dir='ltr'>τὸν</span> <span class='ocrx_word' id='word_1_142' title='bbox 535 1810 662 1876; x_wconf 91' lang='grc' dir='ltr'>λόχον</span> <span class='ocrx_word' id='word_1_143' title='bbox 677 1811 789 1876; x_wconf 79' lang='grc' dir='ltr'>ἱερὸν</span> <span class='ocrx_word' id='word_1_144' title='bbox 807 1809 1218 1875; x_wconf 80' lang='grc' dir='ltr'>προσαγορεύεσθαι,</span> <span class='ocrx_word' id='word_1_145' title='bbox 1243 1808 1390 1856; x_wconf 84' lang='grc' dir='ltr'>καθότι</span> 
     </span>
     <span class='ocr_line' id='line_1_22' title="bbox 56 1882 1390 1953; baseline -0.005 -18"><span class='ocrx_word' id='word_1_146' title='bbox 56 1952 59 1953; x_wconf 19' lang='lat'><em>⁷</em></span> <span class='ocrx_word' id='word_1_147' title='bbox 101 1886 175 1935; x_wconf 84' lang='grc' dir='ltr'>καὶ</span> <span class='ocrx_word' id='word_1_148' title='bbox 205 1884 393 1933; x_wconf 84' lang='grc' dir='ltr'>Πλάτων</span> <span class='ocrx_word' id='word_1_149' title='bbox 418 1883 556 1932; x_wconf 83' lang='grc' dir='ltr'>ἔνθεον</span> <span class='ocrx_word' id='word_1_150' title='bbox 591 1884 711 1950; x_wconf 81' lang='grc' dir='ltr'>φίλον</span> <span class='ocrx_word' id='word_1_151' title='bbox 738 1883 811 1930; x_wconf 83' lang='grc' dir='ltr'>τὸν</span> <span class='ocrx_word' id='word_1_152' title='bbox 827 1882 1021 1947; x_wconf 54' lang='grc' dir='ltr'>,ἐραστὴν</span> <span class='ocrx_word' id='word_1_153' title='bbox 1058 1888 1282 1942; x_wconf 85' lang='grc' dir='ltr'>προσεῖπε.</span> <span class='ocrx_word' id='word_1_154' title='bbox 1319 1886 1390 1928; x_wconf 90' lang='lat' dir='ltr'>De</span> 
     </span>
     <span class='ocr_line' id='line_1_23' title="bbox 54 1957 1387 2020; baseline -0.005 -14"><span class='ocrx_word' id='word_1_155' title='bbox 54 1976 60 1980; x_wconf 83' lang='lat'>&#39;</span> <span class='ocrx_word' id='word_1_156' title='bbox 87 1961 215 2006; x_wconf 18' lang='lat' dir='ltr'>*Iolai</span> <span class='ocrx_word' id='word_1_157' title='bbox 243 1959 424 2004; x_wconf 90' lang='lat' dir='ltr'>tumulo</span> <span class='ocrx_word' id='word_1_158' title='bbox 440 1994 452 2016; x_wconf 91' lang='lat'>,</span> <span class='ocrx_word' id='word_1_159' title='bbox 473 1961 732 2020; x_wconf 83' lang='lat' dir='ltr'>gymnasio,</span> <span class='ocrx_word' id='word_1_160' title='bbox 757 1959 879 2003; x_wconf 92' lang='lat' dir='ltr'>ludis</span> <span class='ocrx_word' id='word_1_161' title='bbox 895 1975 938 2004; x_wconf 86' lang='lat' dir='ltr'>v,</span> <span class='ocrx_word' id='word_1_162' title='bbox 963 1960 1160 2002; x_wconf 86' lang='lat' dir='ltr'>Pausan.</span> <span class='ocrx_word' id='word_1_163' title='bbox 1183 1957 1253 2001; x_wconf 90' lang='lat' dir='ltr'>IX</span> <span class='ocrx_word' id='word_1_164' title='bbox 1273 1991 1284 2013; x_wconf 88' lang='lat'>‚</span> <span class='ocrx_word' id='word_1_165' title='bbox 1310 1957 1387 2004; x_wconf 78' lang='lat'>23.</span> 
     </span>
     <span class='ocr_line' id='line_1_24' title="bbox 99 2028 1387 2091; baseline -0.002 -14.131"><span class='ocrx_word' id='word_1_166' title='bbox 99 2032 286 2078; x_wconf 81' lang='lat' dir='ltr'>Boeckh.</span> <span class='ocrx_word' id='word_1_167' title='bbox 309 2032 370 2077; x_wconf 89' lang='lat' dir='ltr'>ad</span> <span class='ocrx_word' id='word_1_168' title='bbox 391 2031 582 2078; x_wconf 85' lang='lat' dir='ltr'>Pindar.</span> <span class='ocrx_word' id='word_1_169' title='bbox 610 2032 794 2091; x_wconf 84' lang='lat' dir='ltr'>Olymp.</span> <span class='ocrx_word' id='word_1_170' title='bbox 814 2032 902 2075; x_wconf 86' lang='lat' dir='ltr'>VII</span> <span class='ocrx_word' id='word_1_171' title='bbox 919 2065 931 2088; x_wconf 84' lang='lat'>‚</span> <span class='ocrx_word' id='word_1_172' title='bbox 950 2028 1026 2074; x_wconf 81' lang='lat'>23.</span> <span class='ocrx_word' id='word_1_173' title='bbox 1044 2031 1114 2074; x_wconf 86' lang='lat' dir='ltr'>IX</span> <span class='ocrx_word' id='word_1_174' title='bbox 1129 2063 1141 2085; x_wconf 86' lang='lat'>‚</span> <span class='ocrx_word' id='word_1_175' title='bbox 1169 2042 1231 2088; x_wconf 89' lang='lat'>99</span> <span class='ocrx_word' id='word_1_176' title='bbox 1246 2062 1257 2083; x_wconf 85' lang='lat'>,</span> <span class='ocrx_word' id='word_1_177' title='bbox 1280 2029 1387 2074; x_wconf 87' lang='lat' dir='ltr'>coll.</span> 
     </span>
     <span class='ocr_line' id='line_1_25' title="bbox 99 2103 1389 2166; baseline -0.002 -17.121"><span class='ocrx_word' id='word_1_178' title='bbox 99 2105 234 2165; x_wconf 85' lang='lat' dir='ltr'>Pyth.</span> <span class='ocrx_word' id='word_1_179' title='bbox 255 2106 353 2166; x_wconf 83' lang='lat' dir='ltr'>lx,</span> <span class='ocrx_word' id='word_1_180' title='bbox 379 2120 463 2166; x_wconf 83' lang='lat'>99;</span> <span class='ocrx_word' id='word_1_181' title='bbox 488 2106 618 2150; x_wconf 89' lang='lat' dir='ltr'>Nem.</span> <span class='ocrx_word' id='word_1_182' title='bbox 642 2106 727 2160; x_wconf 86' lang='lat' dir='ltr'>lv,</span> <span class='ocrx_word' id='word_1_183' title='bbox 755 2120 843 2159; x_wconf 80' lang='lat'>20,</span> <span class='ocrx_word' id='word_1_184' title='bbox 869 2104 1030 2162; x_wconf 83' lang='lat' dir='ltr'><strong>ibique</strong></span> <span class='ocrx_word' id='word_1_185' title='bbox 1063 2103 1209 2146; x_wconf 88' lang='lat' dir='ltr'>schol.</span> <span class='ocrx_word' id='word_1_186' title='bbox 1234 2126 1296 2134; x_wconf 90' lang='lat'>-</span> <span class='ocrx_word' id='word_1_187' title='bbox 1320 2104 1389 2146; x_wconf 92' lang='lat' dir='ltr'>De</span> 
     </span>
     <span class='ocr_line' id='line_1_26' title="bbox 48 2174 1384 2240; baseline 0.001 -22"><span class='ocrx_word' id='word_1_188' title='bbox 48 2177 204 2240; x_wconf 52' lang='lat' dir='ltr'>zl‘Psp</span> <span class='ocrx_word' id='word_1_189' title='bbox 235 2174 354 2240; x_wconf 82' lang='grc' dir='ltr'>λόχῳ</span> <span class='ocrx_word' id='word_1_190' title='bbox 377 2193 422 2223; x_wconf 80' lang='lat' dir='ltr'>v.</span> <span class='ocrx_word' id='word_1_191' title='bbox 457 2192 576 2236; x_wconf 89' lang='lat' dir='ltr'>quos</span> <span class='ocrx_word' id='word_1_192' title='bbox 605 2176 765 2220; x_wconf 89' lang='lat' dir='ltr'>laudat</span> <span class='ocrx_word' id='word_1_193' title='bbox 789 2176 1040 2221; x_wconf 80' lang='lat' dir='ltr'>Hermann.</span> <span class='ocrx_word' id='word_1_194' title='bbox 1086 2175 1279 2232; x_wconf 86' lang='lat' dir='ltr'>Antiqq.</span> <span class='ocrx_word' id='word_1_195' title='bbox 1316 2188 1384 2236; x_wconf 83' lang='lat' dir='ltr'>gr.</span> 
     </span>
     <span class='ocr_line' id='line_1_27' title="bbox 95 2245 1060 2311; baseline -0.005 -15.27"><span class='ocrx_word' id='word_1_196' title='bbox 95 2248 126 2310; x_wconf 80' lang='lat' dir='ltr'>S</span> <span class='ocrx_word' id='word_1_197' title='bbox 157 2248 266 2311; x_wconf 84' lang='lat'>181,</span> <span class='ocrx_word' id='word_1_198' title='bbox 296 2264 349 2306; x_wconf 81' lang='lat'>2,</span> <span class='ocrx_word' id='word_1_199' title='bbox 369 2249 478 2296; x_wconf 89' lang='lat' dir='ltr'>coll.</span> <span class='ocrx_word' id='word_1_200' title='bbox 503 2245 689 2294; x_wconf 84' lang='lat' dir='ltr'>Miiller.</span> <span class='ocrx_word' id='word_1_201' title='bbox 713 2249 825 2295; x_wconf 83' lang='lat' dir='ltr'>Dor.</span> <span class='ocrx_word' id='word_1_202' title='bbox 847 2249 920 2308; x_wconf 85' lang='grc' dir='ltr'>ΙΙ,</span> <span class='ocrx_word' id='word_1_203' title='bbox 950 2261 1060 2306; x_wconf 84' lang='lat'>297.</span> 
     </span>
    </p>
   </div>
   <div class='ocr_carea' id='block_1_11' title="bbox 661 2353 821 2417">
    <p class='ocr_par' dir='ltr' id='par_1_14' title="bbox 661 2353 821 2417">
     <span class='ocr_line' id='line_1_28' title="bbox 661 2353 821 2417; baseline 0 0"><span class='ocrx_word' id='word_1_204' title='bbox 661 2353 821 2417; x_wconf 62' lang='grc' dir='ltr'>[ιω]</span> 
     </span>
    </p>
   </div>
   <div class='ocr_carea' id='block_1_12' title="bbox 97 2457 1392 2741">
    <p class='ocr_par' dir='ltr' id='par_1_15' title="bbox 33 2457 1392 2741">
     <span class='ocr_line' id='line_1_29' title="bbox 168 2457 1392 2536; baseline -0.006 -24.763"><span class='ocrx_word' id='word_1_205' title='bbox 168 2466 330 2528; x_wconf 86' lang='lat' dir='ltr'>[Arist.</span> <span class='ocrx_word' id='word_1_206' title='bbox 350 2467 451 2512; x_wconf 91' lang='lat' dir='ltr'>Pol.</span> <span class='ocrx_word' id='word_1_207' title='bbox 484 2467 556 2521; x_wconf 88' lang='grc' dir='ltr'>ΙΙ,</span> <span class='ocrx_word' id='word_1_208' title='bbox 586 2481 644 2525; x_wconf 88' lang='lat'>9,</span> <span class='ocrx_word' id='word_1_209' title='bbox 672 2463 746 2510; x_wconf 84' lang='lat'>6:</span> <span class='ocrx_word' id='word_1_210' title='bbox 777 2459 981 2536; x_wconf 83' lang='grc' dir='ltr'>Ἐγένετο</span> <span class='ocrx_word' id='word_1_211' title='bbox 1005 2458 1049 2507; x_wconf 84' lang='grc' dir='ltr'>δὲ</span> <span class='ocrx_word' id='word_1_212' title='bbox 1074 2479 1146 2507; x_wconf 84' lang='grc' dir='ltr'>και</span> <span class='ocrx_word' id='word_1_213' title='bbox 1174 2457 1392 2511; x_wconf 86' lang='grc' dir='ltr'>Φιλόλαος</span> 
     </span>
     <span class='ocr_line' id='line_1_30' title="bbox 100 2525 1388 2602; baseline -0.005 -19.346"><span class='ocrx_word' id='word_1_214' title='bbox 100 2541 124 2587; x_wconf 79' lang='grc' dir='ltr'><strong>ὁ</strong></span> <span class='ocrx_word' id='word_1_215' title='bbox 148 2539 373 2602; x_wconf 83' lang='grc' dir='ltr'>Κορίνθιος</span> <span class='ocrx_word' id='word_1_216' title='bbox 392 2534 618 2598; x_wconf 85' lang='grc' dir='ltr'>νομοθέτης</span> <span class='ocrx_word' id='word_1_217' title='bbox 641 2533 866 2592; x_wconf 68' lang='grc' dir='ltr'>Θηόαίοις.</span> <span class='ocrx_word' id='word_1_218' title='bbox 893 2525 977 2580; x_wconf 78' lang='grc' dir='ltr'>Ἠν</span> <span class='ocrx_word' id='word_1_219' title='bbox 1003 2532 1084 2579; x_wconf 85' lang='grc' dir='ltr'>δ’ὁ</span> <span class='ocrx_word' id='word_1_220' title='bbox 1104 2531 1322 2584; x_wconf 75' lang='grc' dir='ltr'>Φιλόλαος</span> <span class='ocrx_word' id='word_1_221' title='bbox 1340 2529 1388 2577; x_wconf 84' lang='grc' dir='ltr'>τὸ</span> 
     </span>
     <span class='ocr_line' id='line_1_31' title="bbox 99 2603 1390 2673; baseline -0.007 -16"><span class='ocrx_word' id='word_1_222' title='bbox 99 2609 177 2673; x_wconf 77' lang='grc' dir='ltr'>μὲν</span> <span class='ocrx_word' id='word_1_223' title='bbox 215 2610 331 2672; x_wconf 90' lang='grc' dir='ltr'>γένος</span> <span class='ocrx_word' id='word_1_224' title='bbox 364 2611 450 2656; x_wconf 84' lang='grc' dir='ltr'>τῶν</span> <span class='ocrx_word' id='word_1_225' title='bbox 518 2607 780 2671; x_wconf 82' lang='grc' dir='ltr'>Βακχιαδῶν</span> <span class='ocrx_word' id='word_1_226' title='bbox 796 2642 809 2665; x_wconf 90' lang='grc'>,</span> <span class='ocrx_word' id='word_1_227' title='bbox 849 2604 1033 2671; x_wconf 82' lang='grc' dir='ltr'>ἐραστὴς</span> <span class='ocrx_word' id='word_1_228' title='bbox 1073 2603 1117 2650; x_wconf 83' lang='grc' dir='ltr'>δὲ</span> <span class='ocrx_word' id='word_1_229' title='bbox 1166 2603 1390 2666; x_wconf 86' lang='grc' dir='ltr'>γενόμενος</span> 
     </span>
     <span class='ocr_line' id='line_1_32' title="bbox 97 2672 1385 2741; baseline -0.008 -11"><span class='ocrx_word' id='word_1_230' title='bbox 97 2682 321 2735; x_wconf 86' lang='grc' dir='ltr'>Διοκλέους</span> <span class='ocrx_word' id='word_1_231' title='bbox 342 2685 415 2727; x_wconf 77' lang='grc' dir='ltr'>τοῦ</span> <span class='ocrx_word' id='word_1_232' title='bbox 440 2697 691 2737; x_wconf 87' lang='grc' dir='ltr'>νικησαντος</span> <span class='ocrx_word' id='word_1_233' title='bbox 716 2676 1076 2741; x_wconf 69' lang='grc' dir='ltr'>Ὀλυμπίασιν,“</span> <span class='ocrx_word' id='word_1_234' title='bbox 1055 2697 1111 2730; x_wconf 86' lang='grc' dir='ltr'>ως</span> <span class='ocrx_word' id='word_1_235' title='bbox 1135 2678 1291 2729; x_wconf 82' lang='grc' dir='ltr'>ἐκεῖνος</span> <span class='ocrx_word' id='word_1_236' title='bbox 1307 2672 1385 2731; x_wconf 79' lang='grc' dir='ltr'>τὴν</span> 
     </span>
    </p>
   </div>
   <div class='ocr_carea' id='block_1_13' title="bbox 505 2819 967 2980">
    <p class='ocr_par' dir='ltr' id='par_1_16' title="bbox 505 2819 967 2980">
     <span class='ocr_line' id='line_1_33' title="bbox 505 2819 967 2868; baseline -0.004 0"><span class='ocrx_word' id='word_1_237' title='bbox 505 2819 967 2868; x_wconf 81' lang='lat' dir='ltr'><strong>THEBANORUM.</strong></span> 
     </span>
     <span class='ocr_line' id='line_1_34' title="bbox 687 2939 787 2980; baseline -0.01 -1"><span class='ocrx_word' id='word_1_238' title='bbox 687 2939 787 2980; x_wconf 90' lang='lat'><strong>110.</strong></span> 
     </span>
    </p>
   </div>
   <div class='ocr_carea' id='block_1_14' title="bbox 40 3040 1383 3351">
    <p class='ocr_par' dir='ltr' id='par_1_17' title="bbox 149 3040 1383 3097">
     <span class='ocr_line' id='line_1_35' title="bbox 149 3040 1383 3097; baseline -0.007 -10"><span class='ocrx_word' id='word_1_239' title='bbox 149 3045 303 3094; x_wconf 79' lang='lat' dir='ltr'><strong><em>Quidni</em></strong></span> <span class='ocrx_word' id='word_1_240' title='bbox 324 3049 363 3087; x_wconf 85' lang='lat' dir='ltr'>te</span> <span class='ocrx_word' id='word_1_241' title='bbox 380 3046 663 3097; x_wconf 70' lang='lat' dir='ltr'><em>suspendisti,</em></span> <span class='ocrx_word' id='word_1_242' title='bbox 701 3044 845 3085; x_wconf 75' lang='lat' dir='ltr'>Thebis</span> <span class='ocrx_word' id='word_1_243' title='bbox 868 3045 918 3083; x_wconf 79' lang='lat' dir='ltr'>ut</span> <span class='ocrx_word' id='word_1_244' title='bbox 952 3042 1074 3082; x_wconf 77' lang='lat' dir='ltr'>heros</span> <span class='ocrx_word' id='word_1_245' title='bbox 1100 3040 1220 3093; x_wconf 70' lang='lat' dir='ltr'>fias?</span> <span class='ocrx_word' id='word_1_246' title='bbox 1254 3040 1383 3090; x_wconf 84' lang='lat' dir='ltr'>Hujus</span> 
     </span>
    </p>

    <p class='ocr_par' dir='ltr' id='par_1_18' title="bbox 54 3105 1382 3351">
     <span class='ocr_line' id='line_1_36' title="bbox 64 3105 1382 3155; baseline -0.007 -3"><span class='ocrx_word' id='word_1_247' title='bbox 64 3127 74 3154; x_wconf 61' lang='grc' dir='ltr'><strong><em>ς</em></strong></span> <span class='ocrx_word' id='word_1_248' title='bbox 86 3111 206 3153; x_wconf 78' lang='lat' dir='ltr'>Plato</span> <span class='ocrx_word' id='word_1_249' title='bbox 214 3111 254 3151; x_wconf 91' lang='lat' dir='ltr'>in</span> <span class='ocrx_word' id='word_1_250' title='bbox 265 3112 443 3151; x_wconf 80' lang='lat' dir='ltr'>Menelao</span> <span class='ocrx_word' id='word_1_251' title='bbox 455 3111 648 3151; x_wconf 83' lang='lat' dir='ltr'><strong>meminit.</strong></span> <span class='ocrx_word' id='word_1_252' title='bbox 660 3110 849 3149; x_wconf 81' lang='lat' dir='ltr'><strong>Referunt</strong></span> <span class='ocrx_word' id='word_1_253' title='bbox 861 3108 967 3148; x_wconf 91' lang='lat' dir='ltr'>enim</span> <span class='ocrx_word' id='word_1_254' title='bbox 978 3107 1121 3147; x_wconf 73' lang='lat' dir='ltr'>&#39;l&#39;hebis</span> <span class='ocrx_word' id='word_1_255' title='bbox 1134 3108 1302 3145; x_wconf 87' lang='lat' dir='ltr'>mortem</span> <span class='ocrx_word' id='word_1_256' title='bbox 1314 3105 1382 3155; x_wconf 89' lang='lat' dir='ltr'>qui</span> 
     </span>
     <span class='ocr_line' id='line_1_37' title="bbox 61 3169 1383 3224; baseline -0.006 -8.812"><span class='ocrx_word' id='word_1_257' title='bbox 61 3174 166 3215; x_wconf 82' lang='grc' dir='ltr'>8ὼι</span> <span class='ocrx_word' id='word_1_258' title='bbox 177 3174 456 3224; x_wconf 81' lang='lat' dir='ltr'>conscisceret</span> <span class='ocrx_word' id='word_1_259' title='bbox 471 3174 656 3214; x_wconf 79' lang='lat' dir='ltr'>infamem</span> <span class='ocrx_word' id='word_1_260' title='bbox 669 3172 866 3212; x_wconf 81' lang='lat' dir='ltr'>habitum</span> <span class='ocrx_word' id='word_1_261' title='bbox 882 3171 992 3211; x_wconf 85' lang='lat' dir='ltr'><strong>Idem</strong></span> <span class='ocrx_word' id='word_1_262' title='bbox 1018 3171 1068 3210; x_wconf 89' lang='lat' dir='ltr'>de</span> <span class='ocrx_word' id='word_1_263' title='bbox 1092 3170 1289 3210; x_wconf 76' lang='lat' dir='ltr'>Thebanis</span> <span class='ocrx_word' id='word_1_264' title='bbox 1301 3169 1383 3208; x_wconf 85' lang='lat' dir='ltr'>Ari-</span> 
     </span>
     <span class='ocr_line' id='line_1_38' title="bbox 51 3235 1380 3290; baseline -0.006 -9.733"><span class='ocrx_word' id='word_1_265' title='bbox 51 3239 254 3280; x_wconf 78' lang='lat' dir='ltr'>&#39;atoteles</span> <span class='ocrx_word' id='word_1_266' title='bbox 272 3250 432 3290; x_wconf 84' lang='lat' dir='ltr'>quoque</span> <span class='ocrx_word' id='word_1_267' title='bbox 451 3239 757 3287; x_wconf 80' lang='lat' dir='ltr'>commemorat,</span> <span class='ocrx_word' id='word_1_268' title='bbox 781 3248 923 3287; x_wconf 85' lang='lat' dir='ltr'>nempe</span> <span class='ocrx_word' id='word_1_269' title='bbox 942 3237 1012 3287; x_wconf 88' lang='lat' dir='ltr'>qui</span> <span class='ocrx_word' id='word_1_270' title='bbox 1028 3236 1100 3276; x_wconf 90' lang='lat' dir='ltr'>sibi</span> <span class='ocrx_word' id='word_1_271' title='bbox 1116 3246 1257 3274; x_wconf 87' lang='lat' dir='ltr'>manus</span> <span class='ocrx_word' id='word_1_272' title='bbox 1273 3235 1380 3273; x_wconf 78' lang='lat' dir='ltr'>attu-</span> 
     </span>
     <span class='ocr_line' id='line_1_39' title="bbox 40 3288 1380 3351; baseline -0.004 -7.947"><span class='ocrx_word' id='word_1_273' title='bbox 40 3288 249 3351; x_wconf 66' lang='lat' dir='ltr'>³hssent</span> <span class='ocrx_word' id='word_1_274' title='bbox 273 3303 384 3344; x_wconf 88' lang='lat' dir='ltr'>nullo</span> <span class='ocrx_word' id='word_1_275' title='bbox 415 3303 460 3342; x_wconf 90' lang='lat' dir='ltr'>in</span> <span class='ocrx_word' id='word_1_276' title='bbox 491 3303 642 3342; x_wconf 88' lang='lat' dir='ltr'>honore</span> <span class='ocrx_word' id='word_1_277' title='bbox 674 3302 807 3342; x_wconf 79' lang='lat' dir='ltr'>fuisse.</span> <span class='ocrx_word' id='word_1_278' title='bbox 845 3301 950 3342; x_wconf 83' lang='lat' dir='ltr'>Illud</span> <span class='ocrx_word' id='word_1_279' title='bbox 985 3301 1144 3351; x_wconf 90' lang='lat' dir='ltr'>itaque,</span> <span class='ocrx_word' id='word_1_280' title='bbox 1178 3302 1229 3339; x_wconf 81' lang='lat' dir='ltr'>ut</span> <span class='ocrx_word' id='word_1_281' title='bbox 1260 3299 1335 3338; x_wconf 76' lang='lat' dir='ltr'>hm</span> <span class='ocrx_word' id='word_1_282' title='bbox 1337 3310 1380 3338; x_wconf 89' lang='lat' dir='ltr'>os</span> 
     </span>
    </p>
   </div>
   <div class='ocr_carea' id='block_1_15' title="bbox 22 3354 868 3481">
    <p class='ocr_par' dir='ltr' id='par_1_19' title="bbox 22 3354 868 3481">
     <span class='ocr_line' id='line_1_40' title="bbox 22 3354 868 3445; baseline 0.005 -44"><span class='ocrx_word' id='word_1_283' title='bbox 22 3354 82 3445; x_wconf 37' lang='grc' dir='ltr'>οι,</span> <span class='ocrx_word' id='word_1_284' title='bbox 80 3365 172 3417; x_wconf 66' lang='lat' dir='ltr'>fias</span> <span class='ocrx_word' id='word_1_285' title='bbox 182 3396 194 3417; x_wconf 93' lang='lat'>,</span> <span class='ocrx_word' id='word_1_286' title='bbox 213 3377 283 3418; x_wconf 87' lang='lat' dir='ltr'>per</span> <span class='ocrx_word' id='word_1_287' title='bbox 300 3366 612 3417; x_wconf 90' lang='lat' dir='ltr'>euphemismum</span> <span class='ocrx_word' id='word_1_288' title='bbox 628 3365 783 3405; x_wconf 86' lang='lat' dir='ltr'>dictum</span> <span class='ocrx_word' id='word_1_289' title='bbox 796 3367 868 3405; x_wconf 90' lang='lat' dir='ltr'>est.</span> 
     </span>
     <span class='ocr_line' id='line_1_41' title="bbox 687 3441 786 3481; baseline 0 0"><span class='ocrx_word' id='word_1_290' title='bbox 687 3441 786 3481; x_wconf 84' lang='lat'>111</span> 
     </span>
    </p>
   </div>
   <div class='ocr_carea' id='block_1_16' title="bbox 36 3521 1381 3971">
    <p class='ocr_par' dir='ltr' id='par_1_20' title="bbox 42 3521 1381 3955">
     <span class='ocr_line' id='line_1_42' title="bbox 47 3521 1381 3582; baseline -0.001 -18"><span class='ocrx_word' id='word_1_291' title='bbox 47 3522 91 3582; x_wconf 91' lang='grc'>4,</span> <span class='ocrx_word' id='word_1_292' title='bbox 142 3523 329 3564; x_wconf 77' lang='lat' dir='ltr'>Nonnulli</span> <span class='ocrx_word' id='word_1_293' title='bbox 354 3522 518 3565; x_wconf 86' lang='lat' dir='ltr'>tradunt</span> <span class='ocrx_word' id='word_1_294' title='bbox 538 3523 742 3563; x_wconf 85' lang='lat' dir='ltr'>eohortem</span> <span class='ocrx_word' id='word_1_295' title='bbox 762 3533 849 3563; x_wconf 86' lang='lat' dir='ltr'>eam</span> <span class='ocrx_word' id='word_1_296' title='bbox 869 3533 920 3562; x_wconf 88' lang='lat' dir='ltr'>ex</span> <span class='ocrx_word' id='word_1_297' title='bbox 946 3523 992 3562; x_wconf 91' lang='lat' dir='ltr'>iis</span> <span class='ocrx_word' id='word_1_298' title='bbox 1022 3521 1233 3562; x_wconf 83' lang='lat' dir='ltr'>conflatam</span> <span class='ocrx_word' id='word_1_299' title='bbox 1249 3523 1317 3572; x_wconf 93' lang='lat' dir='ltr'>qui</span> <span class='ocrx_word' id='word_1_300' title='bbox 1339 3532 1381 3562; x_wconf 90' lang='lat' dir='ltr'>se</span> 
     </span>
     <span class='ocr_line' id='line_1_43' title="bbox 95 3588 1380 3630; baseline -0.001 -2.079"><span class='ocrx_word' id='word_1_301' title='bbox 95 3589 236 3628; x_wconf 85' lang='lat' dir='ltr'>mutuo</span> <span class='ocrx_word' id='word_1_302' title='bbox 250 3590 471 3630; x_wconf 87' lang='lat' dir='ltr'>amarent...</span> <span class='ocrx_word' id='word_1_303' title='bbox 489 3590 639 3628; x_wconf 88' lang='lat' dir='ltr'>Ferunt</span> <span class='ocrx_word' id='word_1_304' title='bbox 657 3588 777 3628; x_wconf 86' lang='lat' dir='ltr'>etiam</span> <span class='ocrx_word' id='word_1_305' title='bbox 799 3589 953 3628; x_wconf 90' lang='lat' dir='ltr'>lolaum</span> <span class='ocrx_word' id='word_1_306' title='bbox 978 3588 1160 3627; x_wconf 81' lang='lat' dir='ltr'>Herculis</span> <span class='ocrx_word' id='word_1_307' title='bbox 1185 3588 1380 3626; x_wconf 87' lang='lat' dir='ltr'>amasium</span> 
     </span>
     <span class='ocr_line' id='line_1_44' title="bbox 48 3649 1377 3702; baseline -0.002 -11"><span class='ocrx_word' id='word_1_308' title='bbox 48 3673 60 3699; x_wconf 62' lang='lat'>⁴.</span> <span class='ocrx_word' id='word_1_309' title='bbox 93 3659 173 3691; x_wconf 75' lang='lat' dir='ltr'>uua</span> <span class='ocrx_word' id='word_1_310' title='bbox 183 3661 277 3691; x_wconf 83' lang='lat' dir='ltr'>cum</span> <span class='ocrx_word' id='word_1_311' title='bbox 293 3662 340 3691; x_wconf 86' lang='lat' dir='ltr'>eo</span> <span class='ocrx_word' id='word_1_312' title='bbox 352 3652 566 3692; x_wconf 86' lang='lat' dir='ltr'>certamina</span> <span class='ocrx_word' id='word_1_313' title='bbox 578 3651 720 3692; x_wconf 85' lang='lat' dir='ltr'>obiisse</span> <span class='ocrx_word' id='word_1_314' title='bbox 731 3682 743 3702; x_wconf 95' lang='lat'>,</span> <span class='ocrx_word' id='word_1_315' title='bbox 758 3651 1034 3701; x_wconf 78' lang='lat' dir='ltr'>auxiliumque</span> <span class='ocrx_word' id='word_1_316' title='bbox 1044 3651 1184 3691; x_wconf 88' lang='lat' dir='ltr'>tulisse</span> <span class='ocrx_word' id='word_1_317' title='bbox 1196 3649 1377 3690; x_wconf 85' lang='lat' dir='ltr'>amatori.</span> 
     </span>
     <span class='ocr_line' id='line_1_45' title="bbox 80 3714 1379 3765; baseline -0.002 -11"><span class='ocrx_word' id='word_1_318' title='bbox 80 3714 143 3754; x_wconf 64' lang='lat' dir='ltr'>ut</span> <span class='ocrx_word' id='word_1_319' title='bbox 154 3714 378 3758; x_wconf 68' lang='lat' dir='ltr'>Aristotelea</span> <span class='ocrx_word' id='word_1_320' title='bbox 391 3726 463 3756; x_wconf 83' lang='lat' dir='ltr'>sua</span> <span class='ocrx_word' id='word_1_321' title='bbox 476 3716 596 3756; x_wconf 88' lang='lat' dir='ltr'>etiam</span> <span class='ocrx_word' id='word_1_322' title='bbox 608 3717 726 3756; x_wconf 83' lang='lat' dir='ltr'>aetate</span> <span class='ocrx_word' id='word_1_323' title='bbox 741 3715 795 3755; x_wconf 90' lang='lat' dir='ltr'>ait</span> <span class='ocrx_word' id='word_1_324' title='bbox 807 3715 914 3765; x_wconf 85' lang='lat' dir='ltr'>apud</span> <span class='ocrx_word' id='word_1_325' title='bbox 929 3714 1155 3764; x_wconf 85' lang='lat' dir='ltr'>sepulcrum</span> <span class='ocrx_word' id='word_1_326' title='bbox 1169 3714 1265 3753; x_wconf 85' lang='lat' dir='ltr'>Iolai</span> <span class='ocrx_word' id='word_1_327' title='bbox 1277 3725 1379 3753; x_wconf 77' lang='lat' dir='ltr'>ania-</span> 
     </span>
     <span class='ocr_line' id='line_1_46' title="bbox 52 3774 1376 3828; baseline 0 -11"><span class='ocrx_word' id='word_1_328' title='bbox 52 3774 198 3817; x_wconf 70' lang='lat' dir='ltr'>tores</span> <span class='ocrx_word' id='word_1_329' title='bbox 234 3781 276 3818; x_wconf 85' lang='lat' dir='ltr'>et</span> <span class='ocrx_word' id='word_1_330' title='bbox 301 3778 469 3818; x_wconf 84' lang='lat' dir='ltr'>amasios</span> <span class='ocrx_word' id='word_1_331' title='bbox 493 3780 635 3819; x_wconf 88' lang='lat' dir='ltr'>mutua</span> <span class='ocrx_word' id='word_1_332' title='bbox 660 3789 702 3818; x_wconf 87' lang='lat' dir='ltr'>se</span> <span class='ocrx_word' id='word_1_333' title='bbox 736 3778 815 3818; x_wconf 88' lang='lat' dir='ltr'>fide</span> <span class='ocrx_word' id='word_1_334' title='bbox 840 3777 1028 3828; x_wconf 67' lang='lat' dir='ltr'>obligat-‚e</span> <span class='ocrx_word' id='word_1_335' title='bbox 1061 3779 1376 3817; x_wconf 86' lang='lat' dir='ltr'>Consentaneum</span> 
     </span>
     <span class='ocr_line' id='line_1_47' title="bbox 36 3834 1379 3898; baseline -0.001 -16.992"><span class='ocrx_word' id='word_1_336' title='bbox 46 3834 53 3842; x_wconf 44' lang='lat'><em>*</em></span> <span class='ocrx_word' id='word_1_337' title='bbox 36 3835 228 3898; x_wconf 51' lang='lat' dir='ltr'>ggfiitaque</span> <span class='ocrx_word' id='word_1_338' title='bbox 243 3841 324 3891; x_wconf 85' lang='lat' dir='ltr'>est,</span> <span class='ocrx_word' id='word_1_339' title='bbox 347 3852 395 3881; x_wconf 89' lang='lat' dir='ltr'>ea</span> <span class='ocrx_word' id='word_1_340' title='bbox 422 3842 576 3882; x_wconf 87' lang='lat' dir='ltr'>ratione</span> <span class='ocrx_word' id='word_1_341' title='bbox 605 3842 810 3886; x_wconf 81' lang='lat' dir='ltr'>cohorte-m</span> <span class='ocrx_word' id='word_1_342' title='bbox 837 3852 989 3882; x_wconf 87' lang='lat' dir='ltr'>sacram</span> <span class='ocrx_word' id='word_1_343' title='bbox 1023 3840 1269 3880; x_wconf 82' lang='lat' dir='ltr'>nominatam</span> <span class='ocrx_word' id='word_1_344' title='bbox 1300 3852 1379 3892; x_wconf 87' lang='lat' dir='ltr'>qua</span> 
     </span>
     <span class='ocr_line' id='line_1_48' title="bbox 49 3903 1070 3971; baseline -0.001 -27"><span class='ocrx_word' id='word_1_345' title='bbox 49 3927 75 3971; x_wconf 60' lang='lat'>3</span> <span class='ocrx_word' id='word_1_346' title='bbox 76 3903 204 3944; x_wconf 76' lang='lat' dir='ltr'>Plato</span> <span class='ocrx_word' id='word_1_347' title='bbox 215 3906 430 3949; x_wconf 80' lang='lat' dir='ltr'>amatorem</span> <span class='ocrx_word' id='word_1_348' title='bbox 451 3905 571 3945; x_wconf 85' lang='lat' dir='ltr'>divini</span> <span class='ocrx_word' id='word_1_349' title='bbox 587 3905 706 3946; x_wconf 86' lang='lat' dir='ltr'>amici</span> <span class='ocrx_word' id='word_1_350' title='bbox 719 3907 878 3946; x_wconf 87' lang='lat' dir='ltr'>nomine</span> <span class='ocrx_word' id='word_1_351' title='bbox 898 3905 1070 3955; x_wconf 82' lang='lat' dir='ltr'>insignit.</span> 
     </span>
    </p>
   </div>
   <div class='ocr_carea' id='block_1_17' title="bbox 659 3993 804 4049">
    <p class='ocr_par' dir='ltr' id='par_1_21' title="bbox 49 3977 804 4049">
     <span class='ocr_line' id='line_1_49' title="bbox 659 3993 804 4049; baseline -0.004 -11.424"><span class='ocrx_word' id='word_1_352' title='bbox 659 3993 777 4049; x_wconf 83' lang='lat'><strong>[112.</strong></span> <span class='ocrx_word' id='word_1_353' title='bbox 787 3995 804 4047; x_wconf 88' lang='grc'>]</span> 
     </span>
    </p>
   </div>
   <div class='ocr_carea' id='block_1_18' title="bbox 43 4039 1376 4191">
    <p class='ocr_par' dir='ltr' id='par_1_22' title="bbox 43 4039 1376 4191">
     <span class='ocr_line' id='line_1_50' title="bbox 43 4039 1374 4128; baseline 0.002 -15.044"><span class='ocrx_word' id='word_1_354' title='bbox 43 4039 94 4106; x_wconf 25' lang='grc' dir='ltr'>εἴ</span> <span class='ocrx_word' id='word_1_355' title='bbox 141 4071 258 4124; x_wconf 66' lang='lat' dir='ltr'>[ruit</span> <span class='ocrx_word' id='word_1_356' title='bbox 276 4077 317 4114; x_wconf 87' lang='lat' dir='ltr'>et</span> <span class='ocrx_word' id='word_1_357' title='bbox 346 4076 546 4117; x_wconf 83' lang='lat' dir='ltr'>Philolaus</span> <span class='ocrx_word' id='word_1_358' title='bbox 565 4077 796 4118; x_wconf 86' lang='lat' dir='ltr'>Corinthius</span> <span class='ocrx_word' id='word_1_359' title='bbox 825 4078 1024 4119; x_wconf 83' lang='lat' dir='ltr'>Thebanis</span> <span class='ocrx_word' id='word_1_360' title='bbox 1057 4078 1191 4128; x_wconf 83' lang='lat' dir='ltr'>legum</span> <span class='ocrx_word' id='word_1_361' title='bbox 1221 4079 1374 4118; x_wconf 83' lang='lat' dir='ltr'>auctor.</span> 
     </span>
     <span class='ocr_line' id='line_1_51' title="bbox 55 4094 1376 4191; baseline 0.003 -16.115"><span class='ocrx_word' id='word_1_362' title='bbox 55 4094 186 4178; x_wconf 70' lang='grc' dir='ltr'>ιτιιῐ</span> <span class='ocrx_word' id='word_1_363' title='bbox 204 4139 338 4178; x_wconf 86' lang='lat' dir='ltr'>autem</span> <span class='ocrx_word' id='word_1_364' title='bbox 367 4139 565 4180; x_wconf 85' lang='lat' dir='ltr'>Philolaus</span> <span class='ocrx_word' id='word_1_365' title='bbox 585 4151 634 4181; x_wconf 89' lang='lat' dir='ltr'>ex</span> <span class='ocrx_word' id='word_1_366' title='bbox 652 4141 963 4181; x_wconf 85' lang='lat' dir='ltr'>Bacchiadarum</span> <span class='ocrx_word' id='word_1_367' title='bbox 983 4151 1149 4191; x_wconf 86' lang='lat' dir='ltr'>genere;</span> <span class='ocrx_word' id='word_1_368' title='bbox 1166 4141 1232 4181; x_wconf 87' lang='lat' dir='ltr'>sed</span> <span class='ocrx_word' id='word_1_369' title='bbox 1249 4152 1376 4191; x_wconf 92' lang='lat' dir='ltr'>quum</span> 
     </span>
    </p>
   </div>
   <div class='ocr_carea' id='block_1_19' title="bbox 48 4200 1372 4276">
    <p class='ocr_par' dir='ltr' id='par_1_23' title="bbox 48 4200 1372 4276">
     <span class='ocr_line' id='line_1_52' title="bbox 48 4200 1372 4276; baseline 0.002 -34.103"><span class='ocrx_word' id='word_1_370' title='bbox 48 4200 236 4246; x_wconf 81' lang='lat' dir='ltr'>Dioclis</span> <span class='ocrx_word' id='word_1_371' title='bbox 253 4204 360 4255; x_wconf 74' lang='lat' dir='ltr'>eius,</span> <span class='ocrx_word' id='word_1_372' title='bbox 385 4206 453 4256; x_wconf 92' lang='lat' dir='ltr'>qui</span> <span class='ocrx_word' id='word_1_373' title='bbox 474 4207 567 4247; x_wconf 79' lang='lat' dir='ltr'>vicit</span> <span class='ocrx_word' id='word_1_374' title='bbox 597 4208 807 4258; x_wconf 87' lang='lat' dir='ltr'>Olympia,</span> <span class='ocrx_word' id='word_1_375' title='bbox 828 4209 983 4248; x_wconf 75' lang='lat' dir='ltr'>aniator</span> <span class='ocrx_word' id='word_1_376' title='bbox 1003 4209 1127 4276; x_wconf 78' lang='lat' dir='ltr'>esset,</span> <span class='ocrx_word' id='word_1_377' title='bbox 1152 4207 1217 4246; x_wconf 91' lang='lat' dir='ltr'>ille</span> <span class='ocrx_word' id='word_1_378' title='bbox 1240 4210 1372 4247; x_wconf 85' lang='lat' dir='ltr'>autem</span> 
     </span>
    </p>
   </div>
   <div class='ocr_carea' id='block_1_20' title="bbox 42 4339 77 4462">
    <p class='ocr_par' dir='ltr' id='par_1_24' title="bbox 42 4339 77 4462">
     <span class='ocr_line' id='line_1_53' title="bbox 42 4339 72 4387; baseline 0 0"><span class='ocrx_word' id='word_1_379' title='bbox 42 4339 72 4387; x_wconf 50' lang='lat'>27⁴..</span> 
     </span>
     <span class='ocr_line' id='line_1_54' title="bbox 52 4439 77 4462; baseline 0 -19"><span class='ocrx_word' id='word_1_380' title='bbox 52 4439 77 4462; x_wconf 39' lang='grc' dir='ltr'>δ.</span> 
     </span>
    </p>
   </div>
   <div class='ocr_carea' id='block_1_21' title="bbox 10 4464 101 4628">
    <p class='ocr_par' dir='ltr' id='par_1_25' title="bbox 4 4464 101 4628">
     <span class='ocr_line' id='line_1_55' title="bbox 46 4464 61 4485; baseline 0 0"><span class='ocrx_word' id='word_1_381' title='bbox 46 4464 61 4485; x_wconf 58' lang='lat'><em>5</em></span> 
     </span>
     <span class='ocr_line' id='line_1_56' title="bbox 70 4494 101 4523; baseline 0 3"><span class='ocrx_word' id='word_1_382' title='bbox 70 4494 101 4523; x_wconf 46' lang='grc' dir='ltr'>τί</span> 
     </span>
     <span class='ocr_line' id='line_1_57' title="bbox 10 4528 28 4562; baseline -0.056 0"><span class='ocrx_word' id='word_1_383' title='bbox 10 4528 28 4562; x_wconf 60' lang='grc' dir='ltr'>,ἕ</span> 
     </span>
     <span class='ocr_line' id='line_1_58' title="bbox 16 4485 99 4628; baseline 0 -24"><span class='ocrx_word' id='word_1_384' title='bbox 16 4485 99 4628; x_wconf 54' lang='lat' dir='ltr'>&#39;g</span> 
     </span>
    </p>
   </div>
   <div class='ocr_carea' id='block_1_22' title="bbox 593 386 2752 457">
    <p class='ocr_par' dir='ltr' id='par_1_26' title="bbox 593 386 2752 457">
     <span class='ocr_line' id='line_1_59' title="bbox 593 386 2752 457; baseline -0.001 -16"><span class='ocrx_word' id='word_1_385' title='bbox 593 393 891 442; x_wconf 83' lang='grc' dir='ltr'>ΘΗΒΑῙΩΝ.</span> <span class='ocrx_word' id='word_1_386' title='bbox 1469 387 1594 435; x_wconf 86' lang='grc' dir='ltr'>πόλιν</span> <span class='ocrx_word' id='word_1_387' title='bbox 1633 386 1775 450; x_wconf 85' lang='grc' dir='ltr'>ἔλιπε,</span> <span class='ocrx_word' id='word_1_388' title='bbox 1808 388 2071 449; x_wconf 78' lang='grc' dir='ltr'>διαμισήσας</span> <span class='ocrx_word' id='word_1_389' title='bbox 2108 389 2178 435; x_wconf 74' lang='grc' dir='ltr'>τὀν</span> <span class='ocrx_word' id='word_1_390' title='bbox 2217 390 2356 454; x_wconf 80' lang='grc' dir='ltr'>ἔρωτα</span> <span class='ocrx_word' id='word_1_391' title='bbox 2388 391 2458 437; x_wconf 84' lang='grc' dir='ltr'>τὸν</span> <span class='ocrx_word' id='word_1_392' title='bbox 2493 411 2567 448; x_wconf 86' lang='grc' dir='ltr'>της</span> <span class='ocrx_word' id='word_1_393' title='bbox 2593 394 2752 457; x_wconf 84' lang='grc' dir='ltr'>μητρὸς</span> 
     </span>
    </p>
   </div>
   <div class='ocr_carea' id='block_1_23' title="bbox 1462 458 2757 1386">
    <p class='ocr_par' dir='ltr' id='par_1_27' title="bbox 1462 458 2757 1386">
     <span class='ocr_line' id='line_1_60' title="bbox 1463 458 2751 524; baseline 0.002 -16"><span class='ocrx_word' id='word_1_394' title='bbox 1463 459 1692 518; x_wconf 77' lang='grc' dir='ltr'>Ἀλκυόνης</span> <span class='ocrx_word' id='word_1_395' title='bbox 1707 495 1719 518; x_wconf 83' lang='grc'>,</span> <span class='ocrx_word' id='word_1_396' title='bbox 1742 461 1930 517; x_wconf 84' lang='grc' dir='ltr'>ἀπ’ἧλθεν</span> <span class='ocrx_word' id='word_1_397' title='bbox 1956 462 2012 512; x_wconf 82' lang='grc' dir='ltr'>εἷς</span> <span class='ocrx_word' id='word_1_398' title='bbox 2031 458 2209 516; x_wconf 63' lang='grc' dir='ltr'>Θήῧας,</span> <span class='ocrx_word' id='word_1_399' title='bbox 2235 463 2357 507; x_wconf 81' lang='grc' dir='ltr'>κάκεῖ</span> <span class='ocrx_word' id='word_1_400' title='bbox 2376 461 2446 507; x_wconf 78' lang='grc' dir='ltr'>τὸν</span> <span class='ocrx_word' id='word_1_401' title='bbox 2470 462 2559 524; x_wconf 84' lang='grc' dir='ltr'>βίον</span> <span class='ocrx_word' id='word_1_402' title='bbox 2583 463 2751 511; x_wconf 84' lang='grc' dir='ltr'>ἐτελεύ·</span> 
     </span>
     <span class='ocr_line' id='line_1_61' title="bbox 1462 529 2752 598; baseline 0.003 -21"><span class='ocrx_word' id='word_1_403' title='bbox 1462 550 1598 589; x_wconf 85' lang='grc' dir='ltr'>τησαν</span> <span class='ocrx_word' id='word_1_404' title='bbox 1628 530 1882 596; x_wconf 84' lang='grc' dir='ltr'>ἀμφότεροι·</span> <span class='ocrx_word' id='word_1_405' title='bbox 1911 529 1986 576; x_wconf 83' lang='grc' dir='ltr'>καὶ</span> <span class='ocrx_word' id='word_1_406' title='bbox 2013 534 2083 576; x_wconf 83' lang='grc' dir='ltr'>ν’ὗν</span> <span class='ocrx_word' id='word_1_407' title='bbox 2107 529 2173 576; x_wconf 85' lang='grc' dir='ltr'>ἔτι</span> <span class='ocrx_word' id='word_1_408' title='bbox 2205 531 2440 578; x_wconf 75' lang='grc' dir='ltr'>δεικνύουσι</span> <span class='ocrx_word' id='word_1_409' title='bbox 2461 532 2557 585; x_wconf 71' lang='grc' dir='ltr'>τοὺς</span> <span class='ocrx_word' id='word_1_410' title='bbox 2594 533 2752 598; x_wconf 84' lang='grc' dir='ltr'>τάφους</span> 
     </span>
     <span class='ocr_line' id='line_1_62' title="bbox 1465 600 2751 665; baseline 0.002 -15"><span class='ocrx_word' id='word_1_411' title='bbox 1465 600 1605 650; x_wconf 74' lang='grc' dir='ltr'>αῧτῶν</span> <span class='ocrx_word' id='word_1_412' title='bbox 1635 603 1839 659; x_wconf 75' lang='grc' dir='ltr'>ἀλλήλοις</span> <span class='ocrx_word' id='word_1_413' title='bbox 1866 602 1943 665; x_wconf 81' lang='grc' dir='ltr'>μὲν</span> <span class='ocrx_word' id='word_1_414' title='bbox 1972 601 2255 655; x_wconf 83' lang='grc' dir='ltr'>εὐσυνόπτους</span> <span class='ocrx_word' id='word_1_415' title='bbox 2284 602 2407 656; x_wconf 84' lang='grc' dir='ltr'>ὄντας</span> <span class='ocrx_word' id='word_1_416' title='bbox 2426 639 2437 660; x_wconf 91' lang='grc'>,</span> <span class='ocrx_word' id='word_1_417' title='bbox 2464 605 2568 665; x_wconf 79' lang='grc' dir='ltr'>πρὸς</span> <span class='ocrx_word' id='word_1_418' title='bbox 2599 606 2644 651; x_wconf 88' lang='grc' dir='ltr'>δὲ</span> <span class='ocrx_word' id='word_1_419' title='bbox 2673 605 2751 663; x_wconf 79' lang='grc' dir='ltr'>τὴν</span> 
     </span>
     <span class='ocr_line' id='line_1_63' title="bbox 1463 672 2754 739; baseline 0.001 -17"><span class='ocrx_word' id='word_1_420' title='bbox 1463 678 1548 722; x_wconf 83' lang='grc' dir='ltr'>τῶν</span> <span class='ocrx_word' id='word_1_421' title='bbox 1571 675 1805 739; x_wconf 80' lang='grc' dir='ltr'>Κορινθίων</span> <span class='ocrx_word' id='word_1_422' title='bbox 1820 674 1966 738; x_wconf 82' lang='grc' dir='ltr'>χώραν</span> <span class='ocrx_word' id='word_1_423' title='bbox 1985 678 2057 721; x_wconf 76' lang='grc' dir='ltr'>τοῦ</span> <span class='ocrx_word' id='word_1_424' title='bbox 2081 672 2160 735; x_wconf 84' lang='grc' dir='ltr'>μὲν</span> <span class='ocrx_word' id='word_1_425' title='bbox 2186 672 2396 720; x_wconf 87' lang='grc' dir='ltr'>συνόπτου</span> <span class='ocrx_word' id='word_1_426' title='bbox 2411 712 2423 736; x_wconf 86' lang='grc'>,</span> <span class='ocrx_word' id='word_1_427' title='bbox 2443 679 2514 720; x_wconf 75' lang='grc' dir='ltr'>τοῦ</span> <span class='ocrx_word' id='word_1_428' title='bbox 2533 678 2568 721; x_wconf 81' lang='grc' dir='ltr'>δ’</span> <span class='ocrx_word' id='word_1_429' title='bbox 2585 677 2630 722; x_wconf 76' lang='grc' dir='ltr'>οὗ</span> <span class='ocrx_word' id='word_1_430' title='bbox 2654 696 2754 723; x_wconf 90' lang='grc' dir='ltr'>συν-</span> 
     </span>
     <span class='ocr_line' id='line_1_64' title="bbox 1465 744 2751 811; baseline -0.001 -17"><span class='ocrx_word' id='word_1_431' title='bbox 1465 746 1614 794; x_wconf 91' lang='grc' dir='ltr'>όπτου.</span> <span class='ocrx_word' id='word_1_432' title='bbox 1687 748 1986 810; x_wconf 80' lang='grc' dir='ltr'>Μυθολογοῦσι</span> <span class='ocrx_word' id='word_1_433' title='bbox 2018 744 2102 811; x_wconf 80' lang='grc' dir='ltr'>γὰρ</span> <span class='ocrx_word' id='word_1_434' title='bbox 2123 744 2274 798; x_wconf 75' lang='grc' dir='ltr'>αὐτοὺς</span> <span class='ocrx_word' id='word_1_435' title='bbox 2294 745 2404 791; x_wconf 73' lang='grc' dir='ltr'>οὕτω</span> <span class='ocrx_word' id='word_1_436' title='bbox 2437 746 2647 800; x_wconf 75' lang='grc' dir='ltr'>τάξασθαι</span> <span class='ocrx_word' id='word_1_437' title='bbox 2671 747 2751 804; x_wconf 78' lang='grc' dir='ltr'>τὴν</span> 
     </span>
     <span class='ocr_line' id='line_1_65' title="bbox 1464 816 2753 884; baseline 0 -19"><span class='ocrx_word' id='word_1_438' title='bbox 1464 819 1606 884; x_wconf 84' lang='grc' dir='ltr'>ταφὴν</span> <span class='ocrx_word' id='word_1_439' title='bbox 1622 855 1634 876; x_wconf 88' lang='lat'>,</span> <span class='ocrx_word' id='word_1_440' title='bbox 1660 818 1732 866; x_wconf 82' lang='grc' dir='ltr'>τὸν</span> <span class='ocrx_word' id='word_1_441' title='bbox 1769 817 1846 880; x_wconf 81' lang='grc' dir='ltr'>μὲν</span> <span class='ocrx_word' id='word_1_442' title='bbox 1880 818 2090 876; x_wconf 80' lang='grc' dir='ltr'>Διοκλέα,</span> <span class='ocrx_word' id='word_1_443' title='bbox 2122 816 2193 863; x_wconf 85' lang='grc' dir='ltr'>διὰ</span> <span class='ocrx_word' id='word_1_444' title='bbox 2213 816 2291 875; x_wconf 88' lang='grc' dir='ltr'>τὴν</span> <span class='ocrx_word' id='word_1_445' title='bbox 2313 817 2546 881; x_wconf 81' lang='grc' dir='ltr'>ἀπέχθειαν</span> <span class='ocrx_word' id='word_1_446' title='bbox 2563 823 2637 865; x_wconf 73' lang='grc' dir='ltr'>τοῦ</span> <span class='ocrx_word' id='word_1_447' title='bbox 2656 820 2753 865; x_wconf 83' lang='grc' dir='ltr'>πά·-</span> 
     </span>
     <span class='ocr_line' id='line_1_66' title="bbox 1467 889 2755 953; baseline -0.001 -15"><span class='ocrx_word' id='word_1_448' title='bbox 1467 894 1579 950; x_wconf 87' lang='grc' dir='ltr'>θους,</span> <span class='ocrx_word' id='word_1_449' title='bbox 1615 890 1728 945; x_wconf 78' lang='grc' dir='ltr'>ὅπως</span> <span class='ocrx_word' id='word_1_450' title='bbox 1770 890 1830 953; x_wconf 86' lang='grc' dir='ltr'>μὴ</span> <span class='ocrx_word' id='word_1_451' title='bbox 1868 890 2058 942; x_wconf 85' lang='grc' dir='ltr'>ἄποπτος</span> <span class='ocrx_word' id='word_1_452' title='bbox 2093 889 2214 936; x_wconf 84' lang='grc' dir='ltr'>ἔσται</span> <span class='ocrx_word' id='word_1_453' title='bbox 2254 892 2282 946; x_wconf 83' lang='grc' dir='ltr'>ἡ</span> <span class='ocrx_word' id='word_1_454' title='bbox 2320 890 2526 952; x_wconf 82' lang='grc' dir='ltr'>Κορινθία</span> <span class='ocrx_word' id='word_1_455' title='bbox 2561 890 2646 936; x_wconf 80' lang='grc' dir='ltr'>ἀπο</span> <span class='ocrx_word' id='word_1_456' title='bbox 2683 895 2755 938; x_wconf 79' lang='grc' dir='ltr'>τοῦ</span> 
     </span>
     <span class='ocr_line' id='line_1_67' title="bbox 1465 956 2756 1037; baseline -0.002 -28"><span class='ocrx_word' id='word_1_457' title='bbox 1465 961 1693 1037; x_wconf 82' lang='grc' dir='ltr'>χώματος,</span> <span class='ocrx_word' id='word_1_458' title='bbox 1716 961 1789 1009; x_wconf 79' lang='grc' dir='ltr'>τὸν</span> <span class='ocrx_word' id='word_1_459' title='bbox 1817 961 1863 1009; x_wconf 84' lang='grc' dir='ltr'>δὲ</span> <span class='ocrx_word' id='word_1_460' title='bbox 1906 961 2153 1019; x_wconf 85' lang='grc' dir='ltr'>Φιλόλαον,</span> <span class='ocrx_word' id='word_1_461' title='bbox 2187 960 2301 1016; x_wconf 78' lang='grc' dir='ltr'>ὅπως</span> <span class='ocrx_word' id='word_1_462' title='bbox 2327 961 2531 1015; x_wconf 82' lang='grc' dir='ltr'>ἄποπτος.</span> <span class='ocrx_word' id='word_1_463' title='bbox 2554 956 2756 1029; x_wconf 83' lang='grc' dir='ltr'>Ὤκησαν</span> 
     </span>
     <span class='ocr_line' id='line_1_68' title="bbox 1468 1032 2756 1098; baseline -0.001 -17"><span class='ocrx_word' id='word_1_464' title='bbox 1468 1034 1545 1097; x_wconf 84' lang='grc' dir='ltr'>μὲν</span> <span class='ocrx_word' id='word_1_465' title='bbox 1565 1038 1636 1081; x_wconf 80' lang='grc' dir='ltr'>οὖν</span> <span class='ocrx_word' id='word_1_466' title='bbox 1662 1032 1732 1080; x_wconf 89' lang='grc' dir='ltr'>δια</span> <span class='ocrx_word' id='word_1_467' title='bbox 1763 1032 1840 1092; x_wconf 77' lang='grc' dir='ltr'>τὴν</span> <span class='ocrx_word' id='word_1_468' title='bbox 1872 1032 2077 1092; x_wconf 88' lang='grc' dir='ltr'>τοιαύτην</span> <span class='ocrx_word' id='word_1_469' title='bbox 2104 1032 2244 1080; x_wconf 86' lang='grc' dir='ltr'>αἰτίαν</span> <span class='ocrx_word' id='word_1_470' title='bbox 2270 1032 2390 1098; x_wconf 85' lang='grc' dir='ltr'>παρὰ</span> <span class='ocrx_word' id='word_1_471' title='bbox 2410 1036 2496 1087; x_wconf 89' lang='grc' dir='ltr'>τοῖς</span> <span class='ocrx_word' id='word_1_472' title='bbox 2521 1032 2756 1095; x_wconf 68' lang='grc' dir='ltr'>Θηὸαίοις,</span> 
     </span>
     <span class='ocr_line' id='line_1_69' title="bbox 1466 1104 2755 1170; baseline -0.001 -18"><span class='ocrx_word' id='word_1_473' title='bbox 1466 1105 1696 1170; x_wconf 83' lang='grc' dir='ltr'>νομοθέτης</span> <span class='ocrx_word' id='word_1_474' title='bbox 1721 1107 1758 1154; x_wconf 89' lang='grc' dir='ltr'>δ’</span> <span class='ocrx_word' id='word_1_475' title='bbox 1797 1108 1940 1160; x_wconf 80' lang='grc' dir='ltr'>αὐτοῖς</span> <span class='ocrx_word' id='word_1_476' title='bbox 1967 1105 2133 1169; x_wconf 84' lang='grc' dir='ltr'>ἐγένετο</span> <span class='ocrx_word' id='word_1_477' title='bbox 2164 1105 2385 1159; x_wconf 80' lang='grc' dir='ltr'>Φιλόλαος</span> <span class='ocrx_word' id='word_1_478' title='bbox 2409 1105 2508 1170; x_wconf 88' lang='grc' dir='ltr'>περί</span> <span class='ocrx_word' id='word_1_479' title='bbox 2535 1107 2573 1152; x_wconf 91' lang='grc' dir='ltr'>τ’</span> <span class='ocrx_word' id='word_1_480' title='bbox 2612 1104 2695 1152; x_wconf 85' lang='grc' dir='ltr'>ἄλλ</span> <span class='ocrx_word' id='word_1_481' title='bbox 2698 1125 2755 1152; x_wconf 89' lang='grc' dir='ltr'>ων</span> 
     </span>
     <span class='ocr_line' id='line_1_70' title="bbox 1464 1177 2748 1245; baseline -0.001 -20"><span class='ocrx_word' id='word_1_482' title='bbox 1464 1181 1591 1225; x_wconf 80' lang='grc' dir='ltr'>τινῶν</span> <span class='ocrx_word' id='word_1_483' title='bbox 1617 1179 1690 1225; x_wconf 84' lang='grc' dir='ltr'>καὶ</span> <span class='ocrx_word' id='word_1_484' title='bbox 1710 1178 1808 1245; x_wconf 79' lang='grc' dir='ltr'>περὶ</span> <span class='ocrx_word' id='word_1_485' title='bbox 1828 1181 1902 1236; x_wconf 72' lang='grc' dir='ltr'>τῆς</span> <span class='ocrx_word' id='word_1_486' title='bbox 1926 1177 2225 1236; x_wconf 86' lang='grc' dir='ltr'>παιδοποιίας,</span> <span class='ocrx_word' id='word_1_487' title='bbox 2258 1177 2329 1231; x_wconf 74' lang='grc' dir='ltr'>οὒς</span> <span class='ocrx_word' id='word_1_488' title='bbox 2358 1179 2560 1224; x_wconf 78' lang='grc' dir='ltr'>καλοῦσιν</span> <span class='ocrx_word' id='word_1_489' title='bbox 2597 1179 2748 1224; x_wconf 83' lang='grc' dir='ltr'>ἐκεῖνοι</span> 
     </span>
     <span class='ocr_line' id='line_1_71' title="bbox 1467 1249 2755 1314; baseline -0.002 -17"><span class='ocrx_word' id='word_1_490' title='bbox 1467 1251 1623 1314; x_wconf 90' lang='grc' dir='ltr'>νόμους</span> <span class='ocrx_word' id='word_1_491' title='bbox 1654 1250 1866 1304; x_wconf 84' lang='grc' dir='ltr'>θετικούς·</span> <span class='ocrx_word' id='word_1_492' title='bbox 1907 1250 1983 1297; x_wconf 85' lang='grc' dir='ltr'>καὶ</span> <span class='ocrx_word' id='word_1_493' title='bbox 2027 1250 2141 1297; x_wconf 72' lang='grc' dir='ltr'>τοῦτ’</span> <span class='ocrx_word' id='word_1_494' title='bbox 2185 1250 2299 1297; x_wconf 84' lang='grc' dir='ltr'>ἐστὶν</span> <span class='ocrx_word' id='word_1_495' title='bbox 2336 1249 2452 1303; x_wconf 81' lang='grc' dir='ltr'>ἰδίως</span> <span class='ocrx_word' id='word_1_496' title='bbox 2490 1251 2560 1296; x_wconf 78' lang='grc' dir='ltr'>ὑπ’</span> <span class='ocrx_word' id='word_1_497' title='bbox 2597 1249 2755 1296; x_wconf 81' lang='grc' dir='ltr'>ἐκείνου</span> 
     </span>
     <span class='ocr_line' id='line_1_72' title="bbox 1466 1321 2757 1386; baseline -0.002 -17"><span class='ocrx_word' id='word_1_498' title='bbox 1466 1322 1869 1385; x_wconf 82' lang='grc' dir='ltr'>νενομοθετημένον,</span> <span class='ocrx_word' id='word_1_499' title='bbox 1897 1322 2012 1376; x_wconf 81' lang='grc' dir='ltr'>ὅπως</span> <span class='ocrx_word' id='word_1_500' title='bbox 2047 1326 2068 1369; x_wconf 87' lang='grc' dir='ltr'><em>ὃ</em></span> <span class='ocrx_word' id='word_1_501' title='bbox 2101 1322 2279 1386; x_wconf 82' lang='grc' dir='ltr'>ἀριθμὸς</span> <span class='ocrx_word' id='word_1_502' title='bbox 2314 1321 2506 1379; x_wconf 81' lang='grc' dir='ltr'>σώζηται</span> <span class='ocrx_word' id='word_1_503' title='bbox 2537 1324 2622 1368; x_wconf 84' lang='grc' dir='ltr'>τῶν</span> <span class='ocrx_word' id='word_1_504' title='bbox 2653 1321 2757 1378; x_wconf 80' lang='grc' dir='ltr'>κλή-</span> 
     </span>
    </p>
   </div>
   <div class='ocr_carea' id='block_1_24' title="bbox 1468 1396 2756 1461">
    <p class='ocr_par' dir='ltr' id='par_1_28' title="bbox 1468 1396 2756 1461">
     <span class='ocr_line' id='line_1_73' title="bbox 1468 1396 2756 1461; baseline -0.002 -19"><span class='ocrx_word' id='word_1_505' title='bbox 1468 1396 1594 1461; x_wconf 83' lang='grc' dir='ltr'>ρων.]</span> <span class='ocrx_word' id='word_1_506' title='bbox 1615 1400 1667 1444; x_wconf 94' lang='lat' dir='ltr'>V.</span> <span class='ocrx_word' id='word_1_507' title='bbox 1685 1398 1870 1442; x_wconf 84' lang='lat' dir='ltr'>Miiller.</span> <span class='ocrx_word' id='word_1_508' title='bbox 1898 1398 2020 1443; x_wconf 80' lang='lat' dir='ltr'>Min.</span> <span class='ocrx_word' id='word_1_509' title='bbox 2038 1413 2087 1456; x_wconf 91' lang='lat' dir='ltr'>p.</span> <span class='ocrx_word' id='word_1_510' title='bbox 2117 1402 2206 1453; x_wconf 78' lang='lat'>407</span> <span class='ocrx_word' id='word_1_511' title='bbox 2234 1412 2324 1455; x_wconf 88' lang='lat' dir='ltr'>sq.‚</span> <span class='ocrx_word' id='word_1_512' title='bbox 2349 1398 2462 1442; x_wconf 83' lang='lat' dir='ltr'>Dor.</span> <span class='ocrx_word' id='word_1_513' title='bbox 2489 1397 2554 1451; x_wconf 89' lang='grc' dir='ltr'>ΙΙ,</span> <span class='ocrx_word' id='word_1_514' title='bbox 2575 1410 2625 1454; x_wconf 90' lang='lat' dir='ltr'>p.</span> <span class='ocrx_word' id='word_1_515' title='bbox 2649 1410 2756 1440; x_wconf 86' lang='lat'><strong>200.</strong></span> 
     </span>
    </p>
   </div>
   <div class='ocr_carea' id='block_1_25' title="bbox 2036 1488 2189 1551">
    <p class='ocr_par' dir='ltr' id='par_1_29' title="bbox 2036 1488 2189 1551">
     <span class='ocr_line' id='line_1_74' title="bbox 2036 1488 2189 1551; baseline -0.007 0"><span class='ocrx_word' id='word_1_516' title='bbox 2036 1488 2189 1551; x_wconf 52' lang='grc' dir='ltr'>[ιιι]</span> 
     </span>
    </p>
   </div>
   <div class='ocr_carea' id='block_1_26' title="bbox 1464 1591 2759 1734">
    <p class='ocr_par' dir='ltr' id='par_1_30' title="bbox 1464 1591 2759 1734">
     <span class='ocr_line' id='line_1_75' title="bbox 1533 1591 2759 1660; baseline -0.002 -17"><span class='ocrx_word' id='word_1_517' title='bbox 1533 1598 1625 1660; x_wconf 86' lang='grc' dir='ltr'>[Ιό.</span> <span class='ocrx_word' id='word_1_518' title='bbox 1655 1598 1757 1644; x_wconf 89' lang='lat' dir='ltr'>Pol.</span> <span class='ocrx_word' id='word_1_519' title='bbox 1790 1601 1845 1653; x_wconf 89' lang='lat' dir='ltr'>V,</span> <span class='ocrx_word' id='word_1_520' title='bbox 1876 1595 1921 1652; x_wconf 87' lang='grc'>5,</span> <span class='ocrx_word' id='word_1_521' title='bbox 1960 1611 2017 1640; x_wconf 89' lang='lat'>10</span> <span class='ocrx_word' id='word_1_522' title='bbox 2046 1611 2057 1642; x_wconf 74' lang='grc' dir='ltr'>ε</span> <span class='ocrx_word' id='word_1_523' title='bbox 2087 1593 2171 1642; x_wconf 84' lang='grc' dir='ltr'>Ἐκ</span> <span class='ocrx_word' id='word_1_524' title='bbox 2201 1591 2244 1640; x_wconf 84' lang='grc' dir='ltr'>δὲ</span> <span class='ocrx_word' id='word_1_525' title='bbox 2264 1592 2546 1658; x_wconf 83' lang='grc' dir='ltr'>δικαστηρίου</span> <span class='ocrx_word' id='word_1_526' title='bbox 2581 1592 2759 1658; x_wconf 87' lang='grc' dir='ltr'>κρίσεως</span> 
     </span>
     <span class='ocr_line' id='line_1_76' title="bbox 1464 1665 2757 1734; baseline -0.004 -17"><span class='ocrx_word' id='word_1_527' title='bbox 1464 1675 1491 1728; x_wconf 81' lang='grc' dir='ltr'>ἡ</span> <span class='ocrx_word' id='word_1_528' title='bbox 1510 1673 1552 1718; x_wconf 80' lang='grc' dir='ltr'>ἐν</span> <span class='ocrx_word' id='word_1_529' title='bbox 1576 1668 1815 1734; x_wconf 81' lang='grc' dir='ltr'>Ἡρακλείᾳ</span> <span class='ocrx_word' id='word_1_530' title='bbox 1839 1666 1987 1721; x_wconf 81' lang='grc' dir='ltr'>στάσις</span> <span class='ocrx_word' id='word_1_531' title='bbox 2008 1665 2174 1730; x_wconf 82' lang='grc' dir='ltr'>ἐγένετο</span> <span class='ocrx_word' id='word_1_532' title='bbox 2196 1666 2270 1713; x_wconf 82' lang='grc' dir='ltr'>καὶ</span> <span class='ocrx_word' id='word_1_533' title='bbox 2294 1669 2335 1713; x_wconf 83' lang='grc' dir='ltr'>ἐν</span> <span class='ocrx_word' id='word_1_534' title='bbox 2358 1665 2532 1723; x_wconf 70' lang='grc' dir='ltr'>Θήὲαις</span> <span class='ocrx_word' id='word_1_535' title='bbox 2555 1665 2623 1712; x_wconf 81' lang='grc' dir='ltr'>ἐπ’</span> <span class='ocrx_word' id='word_1_536' title='bbox 2642 1666 2757 1730; x_wconf 77' lang='grc' dir='ltr'>αἰτίᾳ</span> 
     </span>
    </p>
   </div>
   <div class='ocr_carea' id='block_1_27' title="bbox 1451 1738 2755 1808">
    <p class='ocr_par' dir='ltr' id='par_1_31' title="bbox 1451 1738 2755 1808">
     <span class='ocr_line' id='line_1_77' title="bbox 1451 1738 2755 1808; baseline -0.005 -18"><span class='ocrx_word' id='word_1_537' title='bbox 1451 1743 1688 1808; x_wconf 69' lang='grc' dir='ltr'>μοιχείας,</span> <span class='ocrx_word' id='word_1_538' title='bbox 1716 1741 1891 1795; x_wconf 85' lang='grc' dir='ltr'>δικαίως</span> <span class='ocrx_word' id='word_1_539' title='bbox 1916 1739 1991 1803; x_wconf 85' lang='grc' dir='ltr'>μὲν</span> <span class='ocrx_word' id='word_1_540' title='bbox 2037 1742 2331 1793; x_wconf 81' lang='grc' dir='ltr'>στασιωτικῶς</span> <span class='ocrx_word' id='word_1_541' title='bbox 2365 1738 2410 1786; x_wconf 82' lang='grc' dir='ltr'>δὲ</span> <span class='ocrx_word' id='word_1_542' title='bbox 2448 1738 2755 1800; x_wconf 83' lang='grc' dir='ltr'>ποιησαμένων</span> 
     </span>
    </p>
   </div>
   <div class='ocr_carea' id='block_1_28' title="bbox 1463 1811 2758 2080">
    <p class='ocr_par' dir='ltr' id='par_1_32' title="bbox 1463 1811 2758 2025">
     <span class='ocr_line' id='line_1_78' title="bbox 1463 1811 2750 1877; baseline -0.005 -13"><span class='ocrx_word' id='word_1_543' title='bbox 1463 1815 1539 1874; x_wconf 81' lang='grc' dir='ltr'>τὴν</span> <span class='ocrx_word' id='word_1_544' title='bbox 1566 1816 1763 1873; x_wconf 89' lang='grc' dir='ltr'>κόλασιν,</span> <span class='ocrx_word' id='word_1_545' title='bbox 1788 1817 1871 1860; x_wconf 83' lang='grc' dir='ltr'>τῶν</span> <span class='ocrx_word' id='word_1_546' title='bbox 1900 1812 1976 1875; x_wconf 82' lang='grc' dir='ltr'>μὲν</span> <span class='ocrx_word' id='word_1_547' title='bbox 2008 1814 2051 1859; x_wconf 82' lang='grc' dir='ltr'>ἐν</span> <span class='ocrx_word' id='word_1_548' title='bbox 2077 1811 2318 1877; x_wconf 78' lang='grc' dir='ltr'>Ἡρακλείᾳ</span> <span class='ocrx_word' id='word_1_549' title='bbox 2338 1811 2433 1859; x_wconf 82' lang='grc' dir='ltr'>κατ’</span> <span class='ocrx_word' id='word_1_550' title='bbox 2465 1811 2750 1875; x_wconf 83' lang='grc' dir='ltr'>Εὐρυτίωνος,</span> 
     </span>
     <span class='ocr_line' id='line_1_79' title="bbox 1463 1882 2758 1950; baseline -0.007 -13"><span class='ocrx_word' id='word_1_551' title='bbox 1463 1894 1548 1937; x_wconf 79' lang='grc' dir='ltr'>τῶν</span> <span class='ocrx_word' id='word_1_552' title='bbox 1571 1890 1606 1936; x_wconf 91' lang='grc' dir='ltr'>δ’</span> <span class='ocrx_word' id='word_1_553' title='bbox 1631 1891 1673 1935; x_wconf 82' lang='grc' dir='ltr'>ἓν</span> <span class='ocrx_word' id='word_1_554' title='bbox 1697 1886 1869 1944; x_wconf 70' lang='grc' dir='ltr'>Θήὸαις</span> <span class='ocrx_word' id='word_1_555' title='bbox 1886 1886 1983 1933; x_wconf 81' lang='grc' dir='ltr'>κατ’</span> <span class='ocrx_word' id='word_1_556' title='bbox 2007 1884 2176 1949; x_wconf 82' lang='grc' dir='ltr'>Ἀρχίου</span> <span class='ocrx_word' id='word_1_557' title='bbox 2192 1904 2202 1913; x_wconf 92' lang='grc'><em>·</em></span> <span class='ocrx_word' id='word_1_558' title='bbox 2220 1883 2544 1950; x_wconf 72' lang='grc' dir='ltr'>ἐφιλονείκησαν</span> <span class='ocrx_word' id='word_1_559' title='bbox 2573 1882 2656 1948; x_wconf 89' lang='grc' dir='ltr'>γὰρ</span> <span class='ocrx_word' id='word_1_560' title='bbox 2681 1885 2758 1929; x_wconf 82' lang='grc' dir='ltr'>αὔ-</span> 
     </span>
     <span class='ocr_line' id='line_1_80' title="bbox 1464 1955 2754 2025; baseline -0.005 -17"><span class='ocrx_word' id='word_1_561' title='bbox 1464 1961 1559 2015; x_wconf 70' lang='grc' dir='ltr'>τοὺς</span> <span class='ocrx_word' id='word_1_562' title='bbox 1576 1963 1613 2008; x_wconf 84' lang='grc' dir='ltr'>οἱ</span> <span class='ocrx_word' id='word_1_563' title='bbox 1633 1960 1796 2025; x_wconf 80' lang='grc' dir='ltr'>ἐχθροὶ,</span> <span class='ocrx_word' id='word_1_564' title='bbox 1826 1957 1936 2005; x_wconf 80' lang='grc' dir='ltr'>ὥστε</span> <span class='ocrx_word' id='word_1_565' title='bbox 1972 1958 2144 2014; x_wconf 71' lang='grc' dir='ltr'>δεθῆναι</span> <span class='ocrx_word' id='word_1_566' title='bbox 2164 1958 2207 2003; x_wconf 84' lang='grc' dir='ltr'>ἐν</span> <span class='ocrx_word' id='word_1_567' title='bbox 2231 1958 2366 2021; x_wconf 72' lang='grc' dir='ltr'>ἀγορᾷ</span> <span class='ocrx_word' id='word_1_568' title='bbox 2388 1957 2430 2001; x_wconf 81' lang='grc' dir='ltr'>ἓν</span> <span class='ocrx_word' id='word_1_569' title='bbox 2450 1958 2511 2020; x_wconf 81' lang='grc' dir='ltr'>τῷ</span> <span class='ocrx_word' id='word_1_570' title='bbox 2538 1955 2714 2018; x_wconf 78' lang='grc' dir='ltr'>κύφωνι.</span> <span class='ocrx_word' id='word_1_571' title='bbox 2737 1955 2754 2017; x_wconf 86' lang='grc'>]</span> 
     </span>
    </p>

    <p class='ocr_par' dir='ltr' id='par_1_33' title="bbox 1531 2030 2755 2080">
     <span class='ocr_line' id='line_1_81' title="bbox 1531 2030 2755 2080; baseline -0.004 -4"><span class='ocrx_word' id='word_1_572' title='bbox 1531 2055 1550 2076; x_wconf 89' lang='lat'>«</span> <span class='ocrx_word' id='word_1_573' title='bbox 1591 2036 1860 2080; x_wconf 66' lang='lat' dir='ltr'>Perizonius</span> <span class='ocrx_word' id='word_1_574' title='bbox 1893 2034 1986 2076; x_wconf 89' lang='lat' dir='ltr'>huc</span> <span class='ocrx_word' id='word_1_575' title='bbox 2022 2032 2182 2075; x_wconf 85' lang='lat' dir='ltr'>retulit</span> <span class='ocrx_word' id='word_1_576' title='bbox 2224 2031 2544 2074; x_wconf 81' lang='lat' dir='ltr'>narrationem</span> <span class='ocrx_word' id='word_1_577' title='bbox 2585 2030 2755 2073; x_wconf 89' lang='lat' dir='ltr'>AEliani</span> 
     </span>
    </p>
   </div>
   <div class='ocr_carea' id='block_1_29' title="bbox 1431 2099 2755 2164">
    <p class='ocr_par' dir='ltr' id='par_1_34' title="bbox 1431 2099 2755 2164">
     <span class='ocr_line' id='line_1_82' title="bbox 1431 2099 2755 2164; baseline -0.008 -10"><span class='ocrx_word' id='word_1_578' title='bbox 1431 2144 1438 2149; x_wconf 88' lang='lat'><strong>.</strong></span> <span class='ocrx_word' id='word_1_579' title='bbox 1462 2112 1519 2154; x_wconf 90' lang='lat' dir='ltr'>V.</span> <span class='ocrx_word' id='word_1_580' title='bbox 1543 2110 1605 2157; x_wconf 89' lang='lat' dir='ltr'>H.</span> <span class='ocrx_word' id='word_1_581' title='bbox 1622 2109 1759 2164; x_wconf 83' lang='lat' dir='ltr'>XI,</span> <span class='ocrx_word' id='word_1_582' title='bbox 1742 2142 1755 2164; x_wconf 71' lang='lat' dir='ltr'><em>s</em></span> <span class='ocrx_word' id='word_1_583' title='bbox 1781 2141 1790 2150; x_wconf 97' lang='grc'>.</span> <span class='ocrx_word' id='word_1_584' title='bbox 1813 2102 1982 2160; x_wconf 71' lang='grc' dir='ltr'>Συνεὸη</span> <span class='ocrx_word' id='word_1_585' title='bbox 2004 2100 2098 2149; x_wconf 86' lang='grc' dir='ltr'>τινὰ</span> <span class='ocrx_word' id='word_1_586' title='bbox 2121 2099 2271 2164; x_wconf 82' lang='grc' dir='ltr'>μοιχὸν</span> <span class='ocrx_word' id='word_1_587' title='bbox 2289 2101 2506 2147; x_wconf 78' lang='grc' dir='ltr'>ἁλῶναιέν</span> <span class='ocrx_word' id='word_1_588' title='bbox 2527 2102 2755 2156; x_wconf 87' lang='grc' dir='ltr'>Θεσπιαῖς,</span> 
     </span>
    </p>
   </div>
   <div class='ocr_carea' id='block_1_30' title="bbox 1462 2171 2756 2656">
    <p class='ocr_par' dir='ltr' id='par_1_35' title="bbox 1462 2171 2756 2656">
     <span class='ocr_line' id='line_1_83' title="bbox 1463 2171 2754 2237; baseline -0.006 -12"><span class='ocrx_word' id='word_1_589' title='bbox 1463 2184 1556 2226; x_wconf 80' lang='grc' dir='ltr'>εἶτα</span> <span class='ocrx_word' id='word_1_590' title='bbox 1595 2177 1724 2237; x_wconf 84' lang='grc' dir='ltr'>ἤγετο</span> <span class='ocrx_word' id='word_1_591' title='bbox 1766 2174 1836 2222; x_wconf 82' lang='grc' dir='ltr'>διὰ</span> <span class='ocrx_word' id='word_1_592' title='bbox 1867 2195 1943 2230; x_wconf 89' lang='grc' dir='ltr'>της</span> <span class='ocrx_word' id='word_1_593' title='bbox 1986 2176 2143 2237; x_wconf 86' lang='grc' dir='ltr'>ἀγορας</span> <span class='ocrx_word' id='word_1_594' title='bbox 2169 2172 2410 2234; x_wconf 82' lang='grc' dir='ltr'>δεδεμένος·</span> <span class='ocrx_word' id='word_1_595' title='bbox 2437 2171 2660 2237; x_wconf 81' lang='grc' dir='ltr'>ἀφείλοντο</span> <span class='ocrx_word' id='word_1_596' title='bbox 2683 2175 2754 2218; x_wconf 80' lang='grc' dir='ltr'>οὖν</span> 
     </span>
     <span class='ocr_line' id='line_1_84' title="bbox 1465 2242 2755 2311; baseline -0.005 -16"><span class='ocrx_word' id='word_1_597' title='bbox 1465 2268 1591 2295; x_wconf 88' lang='grc' dir='ltr'>αυτον</span> <span class='ocrx_word' id='word_1_598' title='bbox 1613 2251 1650 2295; x_wconf 79' lang='grc' dir='ltr'>οἱ</span> <span class='ocrx_word' id='word_1_599' title='bbox 1672 2248 1856 2311; x_wconf 81' lang='grc' dir='ltr'>ἑταῖροι·</span> <span class='ocrx_word' id='word_1_600' title='bbox 1883 2245 2041 2311; x_wconf 80' lang='grc' dir='ltr'>ἐξηφθη</span> <span class='ocrx_word' id='word_1_601' title='bbox 2068 2249 2138 2292; x_wconf 82' lang='grc' dir='ltr'>οὐν</span> <span class='ocrx_word' id='word_1_602' title='bbox 2161 2245 2310 2299; x_wconf 85' lang='grc' dir='ltr'>στάσις</span> <span class='ocrx_word' id='word_1_603' title='bbox 2338 2263 2412 2290; x_wconf 85' lang='grc' dir='ltr'>και</span> <span class='ocrx_word' id='word_1_604' title='bbox 2437 2242 2639 2290; x_wconf 88' lang='grc' dir='ltr'>συνέπεσε</span> <span class='ocrx_word' id='word_1_605' title='bbox 2677 2261 2755 2306; x_wconf 53' lang='grc' dir='ltr'>γεω</span> 
     </span>
     <span class='ocr_line' id='line_1_85' title="bbox 1464 2317 2749 2385; baseline -0.006 -18"><span class='ocrx_word' id='word_1_606' title='bbox 1464 2319 1608 2367; x_wconf 86' lang='grc' dir='ltr'>νέσθαι</span> <span class='ocrx_word' id='word_1_607' title='bbox 1628 2318 1777 2385; x_wconf 79' lang='grc' dir='ltr'>φόνους</span> <span class='ocrx_word' id='word_1_608' title='bbox 1809 2317 2009 2368; x_wconf 88' lang='grc' dir='ltr'>πολλούς.</span> <span class='ocrx_word' id='word_1_609' title='bbox 2037 2321 2080 2363; x_wconf 89' lang='lat' dir='ltr'>Is</span> <span class='ocrx_word' id='word_1_610' title='bbox 2100 2328 2325 2378; x_wconf 83' lang='lat' dir='ltr'>praetcrea</span> <span class='ocrx_word' id='word_1_611' title='bbox 2351 2333 2526 2362; x_wconf 87' lang='lat' dir='ltr'>nomen</span> <span class='ocrx_word' id='word_1_612' title='bbox 2548 2317 2711 2360; x_wconf 86' lang='lat' dir='ltr'>urbis</span> <span class='ocrx_word' id='word_1_613' title='bbox 2700 2332 2749 2359; x_wconf 83' lang='lat' dir='ltr'>in</span> 
     </span>
     <span class='ocr_line' id='line_1_86' title="bbox 1463 2391 2756 2452; baseline -0.005 -14"><span class='ocrx_word' id='word_1_614' title='bbox 1463 2396 1687 2438; x_wconf 89' lang='lat' dir='ltr'>alterutro</span> <span class='ocrx_word' id='word_1_615' title='bbox 1708 2394 1934 2452; x_wconf 79' lang='lat' dir='ltr'>scriptore</span> <span class='ocrx_word' id='word_1_616' title='bbox 1956 2392 2176 2435; x_wconf 87' lang='lat' dir='ltr'>vitiosum</span> <span class='ocrx_word' id='word_1_617' title='bbox 2200 2406 2292 2435; x_wconf 85' lang='lat' dir='ltr'>esse</span> <span class='ocrx_word' id='word_1_618' title='bbox 2306 2392 2578 2450; x_wconf 84' lang='lat' dir='ltr'>suspicatur.</span> <span class='ocrx_word' id='word_1_619' title='bbox 2599 2391 2756 2432; x_wconf 85' lang='lat' dir='ltr'>Potest</span> 
     </span>
     <span class='ocr_line' id='line_1_87' title="bbox 1464 2461 2756 2519; baseline -0.005 -9"><span class='ocrx_word' id='word_1_620' title='bbox 1464 2476 1618 2510; x_wconf 89' lang='lat' dir='ltr'>tamen</span> <span class='ocrx_word' id='word_1_621' title='bbox 1641 2465 1743 2510; x_wconf 86' lang='lat' dir='ltr'>fieri</span> <span class='ocrx_word' id='word_1_622' title='bbox 1783 2474 1835 2508; x_wconf 90' lang='lat' dir='ltr'>ut</span> <span class='ocrx_word' id='word_1_623' title='bbox 1872 2464 2066 2508; x_wconf 81' lang='lat' dir='ltr'>Archias</span> <span class='ocrx_word' id='word_1_624' title='bbox 2090 2463 2231 2507; x_wconf 83' lang='lat' dir='ltr'>fuerit</span> <span class='ocrx_word' id='word_1_625' title='bbox 2253 2463 2498 2507; x_wconf 84' lang='lat' dir='ltr'>Thebanus</span> <span class='ocrx_word' id='word_1_626' title='bbox 2514 2496 2526 2518; x_wconf 94' lang='lat'>‚</span> <span class='ocrx_word' id='word_1_627' title='bbox 2549 2461 2756 2519; x_wconf 88' lang='lat' dir='ltr'>Thespiis</span> 
     </span>
     <span class='ocr_line' id='line_1_88' title="bbox 1462 2532 2754 2595; baseline -0.009 -12"><span class='ocrx_word' id='word_1_628' title='bbox 1462 2548 1616 2583; x_wconf 87' lang='lat' dir='ltr'>autem</span> <span class='ocrx_word' id='word_1_629' title='bbox 1632 2539 1679 2580; x_wconf 91' lang='lat' dir='ltr'>in</span> <span class='ocrx_word' id='word_1_630' title='bbox 1697 2537 1928 2582; x_wconf 85' lang='lat' dir='ltr'>adulterio</span> <span class='ocrx_word' id='word_1_631' title='bbox 1947 2535 2260 2595; x_wconf 88' lang='lat' dir='ltr'>deprehensus</span> <span class='ocrx_word' id='word_1_632' title='bbox 2280 2543 2324 2579; x_wconf 86' lang='lat' dir='ltr'>et</span> <span class='ocrx_word' id='word_1_633' title='bbox 2347 2535 2536 2594; x_wconf 86' lang='lat' dir='ltr'>punitus</span> <span class='ocrx_word' id='word_1_634' title='bbox 2552 2532 2708 2578; x_wconf 87' lang='lat' dir='ltr'>fuerit.</span> <span class='ocrx_word' id='word_1_635' title='bbox 2734 2550 2754 2571; x_wconf 82' lang='lat'>»</span> 
     </span>
     <span class='ocr_line' id='line_1_89' title="bbox 1462 2607 1747 2656; baseline 0.007 -2"><span class='ocrx_word' id='word_1_636' title='bbox 1462 2607 1747 2656; x_wconf 76' lang='lat' dir='ltr'>SanEmEn.</span> 
     </span>
    </p>
   </div>
   <div class='ocr_carea' id='block_1_31' title="bbox 1452 2807 2764 3764">
    <p class='ocr_par' dir='ltr' id='par_1_36' title="bbox 1457 2807 2753 2926">
     <span class='ocr_line' id='line_1_90' title="bbox 1458 2807 2753 2863; baseline -0.003 -13"><span class='ocrx_word' id='word_1_637' title='bbox 1458 2811 1640 2863; x_wconf 77' lang='lat' dir='ltr'>insanum</span> <span class='ocrx_word' id='word_1_638' title='bbox 1657 2811 1795 2850; x_wconf 86' lang='lat' dir='ltr'>matris</span> <span class='ocrx_word' id='word_1_639' title='bbox 1812 2811 2028 2860; x_wconf 80' lang='lat' dir='ltr'>Halcyonae</span> <span class='ocrx_word' id='word_1_640' title='bbox 2054 2820 2229 2849; x_wconf 87' lang='lat' dir='ltr'>amorem</span> <span class='ocrx_word' id='word_1_641' title='bbox 2254 2811 2487 2860; x_wconf 87' lang='lat' dir='ltr'>aspernatus</span> <span class='ocrx_word' id='word_1_642' title='bbox 2513 2818 2561 2847; x_wconf 83' lang='lat' dir='ltr'>ac</span> <span class='ocrx_word' id='word_1_643' title='bbox 2586 2807 2753 2846; x_wconf 85' lang='lat' dir='ltr'>detesta-</span> 
     </span>
     <span class='ocr_line' id='line_1_91' title="bbox 1457 2874 2743 2926; baseline -0.004 -10"><span class='ocrx_word' id='word_1_644' title='bbox 1457 2879 1522 2916; x_wconf 92' lang='lat' dir='ltr'>tus</span> <span class='ocrx_word' id='word_1_645' title='bbox 1542 2877 1682 2916; x_wconf 88' lang='lat' dir='ltr'>urbem</span> <span class='ocrx_word' id='word_1_646' title='bbox 1705 2877 1946 2926; x_wconf 83' lang='lat' dir='ltr'>reliquisset,</span> <span class='ocrx_word' id='word_1_647' title='bbox 1978 2876 2132 2915; x_wconf 82' lang='lat' dir='ltr'>Thebas</span> <span class='ocrx_word' id='word_1_648' title='bbox 2156 2886 2234 2914; x_wconf 87' lang='lat' dir='ltr'>una</span> <span class='ocrx_word' id='word_1_649' title='bbox 2265 2885 2357 2913; x_wconf 86' lang='lat' dir='ltr'>cum</span> <span class='ocrx_word' id='word_1_650' title='bbox 2378 2885 2425 2913; x_wconf 92' lang='lat' dir='ltr'>eo</span> <span class='ocrx_word' id='word_1_651' title='bbox 2442 2874 2644 2924; x_wconf 82' lang='lat' dir='ltr'>profectus</span> <span class='ocrx_word' id='word_1_652' title='bbox 2662 2875 2743 2921; x_wconf 90' lang='lat' dir='ltr'>est,</span> 
     </span>
    </p>

    <p class='ocr_par' dir='ltr' id='par_1_37' title="bbox 1453 2936 2764 3570">
     <span class='ocr_line' id='line_1_92' title="bbox 1457 2936 2752 2990; baseline -0.004 -11"><span class='ocrx_word' id='word_1_653' title='bbox 1457 2940 1590 2990; x_wconf 88' lang='lat' dir='ltr'>ibique</span> <span class='ocrx_word' id='word_1_654' title='bbox 1615 2941 1732 2979; x_wconf 85' lang='lat' dir='ltr'>ambo</span> <span class='ocrx_word' id='word_1_655' title='bbox 1754 2941 1903 2979; x_wconf 87' lang='lat' dir='ltr'>mortui</span> <span class='ocrx_word' id='word_1_656' title='bbox 1919 2941 2035 2989; x_wconf 88' lang='lat' dir='ltr'>sunt,</span> <span class='ocrx_word' id='word_1_657' title='bbox 2060 2941 2182 2989; x_wconf 86' lang='lat' dir='ltr'>atque</span> <span class='ocrx_word' id='word_1_658' title='bbox 2198 2938 2320 2978; x_wconf 84' lang='lat' dir='ltr'>etiam</span> <span class='ocrx_word' id='word_1_659' title='bbox 2343 2949 2452 2985; x_wconf 86' lang='lat' dir='ltr'>nunc</span> <span class='ocrx_word' id='word_1_660' title='bbox 2470 2948 2608 2977; x_wconf 87' lang='lat' dir='ltr'>eorum</span> <span class='ocrx_word' id='word_1_661' title='bbox 2624 2936 2752 2986; x_wconf 88' lang='lat' dir='ltr'>sepul-</span> 
     </span>
     <span class='ocr_line' id='line_1_93' title="bbox 1458 2992 2751 3056; baseline -0.002 -12"><span class='ocrx_word' id='word_1_662' title='bbox 1458 3017 1527 3045; x_wconf 86' lang='lat' dir='ltr'>cra</span> <span class='ocrx_word' id='word_1_663' title='bbox 1548 3005 1785 3056; x_wconf 85' lang='lat' dir='ltr'>ostendunt,</span> <span class='ocrx_word' id='word_1_664' title='bbox 1814 3007 1869 3044; x_wconf 85' lang='lat' dir='ltr'>ita</span> <span class='ocrx_word' id='word_1_665' title='bbox 1898 3005 2048 3055; x_wconf 85' lang='lat' dir='ltr'>posita,</span> <span class='ocrx_word' id='word_1_666' title='bbox 2077 3008 2123 3044; x_wconf 89' lang='lat' dir='ltr'>ut</span> <span class='ocrx_word' id='word_1_667' title='bbox 2150 3006 2320 3044; x_wconf 87' lang='lat' dir='ltr'>alterum</span> <span class='ocrx_word' id='word_1_668' title='bbox 2352 2992 2515 3055; x_wconf 83' lang='lat' dir='ltr'>quidem</span> <span class='ocrx_word' id='word_1_669' title='bbox 2543 3015 2594 3043; x_wconf 84' lang='lat' dir='ltr'>ex</span> <span class='ocrx_word' id='word_1_670' title='bbox 2626 3004 2751 3043; x_wconf 82' lang='lat' dir='ltr'>altero</span> 
     </span>
     <span class='ocr_line' id='line_1_94' title="bbox 1457 3067 2752 3119; baseline -0.002 -11"><span class='ocrx_word' id='word_1_671' title='bbox 1457 3070 1571 3109; x_wconf 81' lang='lat' dir='ltr'>facile</span> <span class='ocrx_word' id='word_1_672' title='bbox 1594 3069 1768 3119; x_wconf 83' lang='lat' dir='ltr'>conspici</span> <span class='ocrx_word' id='word_1_673' title='bbox 1799 3070 1942 3119; x_wconf 80' lang='lat' dir='ltr'>possit3</span> <span class='ocrx_word' id='word_1_674' title='bbox 1964 3069 2033 3108; x_wconf 89' lang='lat' dir='ltr'>sed</span> <span class='ocrx_word' id='word_1_675' title='bbox 2055 3069 2353 3109; x_wconf 84' lang='lat' dir='ltr'>Corinthiorum</span> <span class='ocrx_word' id='word_1_676' title='bbox 2383 3079 2477 3118; x_wconf 83' lang='lat' dir='ltr'>agro</span> <span class='ocrx_word' id='word_1_677' title='bbox 2504 3068 2671 3106; x_wconf 87' lang='lat' dir='ltr'>alterum</span> <span class='ocrx_word' id='word_1_678' title='bbox 2701 3067 2752 3106; x_wconf 86' lang='lat' dir='ltr'>sit</span> 
     </span>
     <span class='ocr_line' id='line_1_95' title="bbox 1456 3131 2750 3185; baseline -0.002 -12"><span class='ocrx_word' id='word_1_679' title='bbox 1456 3136 1497 3173; x_wconf 90' lang='lat' dir='ltr'>in</span> <span class='ocrx_word' id='word_1_680' title='bbox 1520 3137 1736 3185; x_wconf 81' lang='lat' dir='ltr'>conspectu</span> <span class='ocrx_word' id='word_1_681' title='bbox 1762 3135 1957 3185; x_wconf 87' lang='lat' dir='ltr'>positum,</span> <span class='ocrx_word' id='word_1_682' title='bbox 1975 3136 2148 3174; x_wconf 85' lang='lat' dir='ltr'>alterum</span> <span class='ocrx_word' id='word_1_683' title='bbox 2178 3146 2258 3174; x_wconf 91' lang='lat' dir='ltr'>non</span> <span class='ocrx_word' id='word_1_684' title='bbox 2285 3134 2349 3173; x_wconf 88' lang='lat' dir='ltr'>sit.</span> <span class='ocrx_word' id='word_1_685' title='bbox 2373 3133 2622 3173; x_wconf 84' lang='lat' dir='ltr'>Fabulantur</span> <span class='ocrx_word' id='word_1_686' title='bbox 2645 3131 2750 3171; x_wconf 87' lang='lat' dir='ltr'>enim</span> 
     </span>
     <span class='ocr_line' id='line_1_96' title="bbox 1456 3196 2748 3250; baseline -0.003 -11"><span class='ocrx_word' id='word_1_687' title='bbox 1456 3211 1523 3239; x_wconf 90' lang='lat' dir='ltr'>eos</span> <span class='ocrx_word' id='word_1_688' title='bbox 1540 3199 1595 3239; x_wconf 88' lang='lat' dir='ltr'>ita</span> <span class='ocrx_word' id='word_1_689' title='bbox 1610 3210 1684 3239; x_wconf 84' lang='lat' dir='ltr'>sua</span> <span class='ocrx_word' id='word_1_690' title='bbox 1711 3201 1892 3250; x_wconf 85' lang='lat' dir='ltr'>sepulcra</span> <span class='ocrx_word' id='word_1_691' title='bbox 1918 3200 2004 3239; x_wconf 83' lang='lat' dir='ltr'>fieri</span> <span class='ocrx_word' id='word_1_692' title='bbox 2028 3211 2075 3239; x_wconf 89' lang='lat' dir='ltr'>ac</span> <span class='ocrx_word' id='word_1_693' title='bbox 2091 3199 2212 3238; x_wconf 86' lang='lat' dir='ltr'>locari</span> <span class='ocrx_word' id='word_1_694' title='bbox 2235 3199 2397 3249; x_wconf 88' lang='lat' dir='ltr'>jussisse</span> <span class='ocrx_word' id='word_1_695' title='bbox 2420 3213 2430 3237; x_wconf 74' lang='grc' dir='ltr'>ε</span> <span class='ocrx_word' id='word_1_696' title='bbox 2456 3197 2635 3237; x_wconf 87' lang='lat' dir='ltr'>Dioclem</span> <span class='ocrx_word' id='word_1_697' title='bbox 2660 3196 2748 3246; x_wconf 89' lang='lat' dir='ltr'>qui-</span> 
     </span>
     <span class='ocr_line' id='line_1_97' title="bbox 1456 3262 2749 3315; baseline -0.003 -11"><span class='ocrx_word' id='word_1_698' title='bbox 1456 3264 1547 3304; x_wconf 89' lang='lat' dir='ltr'>dem</span> <span class='ocrx_word' id='word_1_699' title='bbox 1567 3266 1726 3315; x_wconf 87' lang='lat' dir='ltr'>propter</span> <span class='ocrx_word' id='word_1_700' title='bbox 1741 3265 1878 3304; x_wconf 86' lang='lat' dir='ltr'>odium</span> <span class='ocrx_word' id='word_1_701' title='bbox 1894 3275 2010 3304; x_wconf 86' lang='lat' dir='ltr'>casus</span> <span class='ocrx_word' id='word_1_702' title='bbox 2026 3263 2197 3312; x_wconf 76' lang='lat' dir='ltr'>infandi,</span> <span class='ocrx_word' id='word_1_703' title='bbox 2215 3265 2260 3303; x_wconf 91' lang='lat' dir='ltr'>ut</span> <span class='ocrx_word' id='word_1_704' title='bbox 2279 3275 2330 3303; x_wconf 90' lang='lat' dir='ltr'>ne</span> <span class='ocrx_word' id='word_1_705' title='bbox 2351 3275 2401 3303; x_wconf 87' lang='lat' dir='ltr'>ex</span> <span class='ocrx_word' id='word_1_706' title='bbox 2419 3262 2591 3313; x_wconf 86' lang='lat' dir='ltr'>sepulcri</span> <span class='ocrx_word' id='word_1_707' title='bbox 2611 3272 2749 3311; x_wconf 84' lang='lat' dir='ltr'>aggere</span> 
     </span>
     <span class='ocr_line' id='line_1_98' title="bbox 1454 3326 2764 3379; baseline -0.004 -11"><span class='ocrx_word' id='word_1_708' title='bbox 1454 3339 1546 3378; x_wconf 84' lang='lat' dir='ltr'>ager</span> <span class='ocrx_word' id='word_1_709' title='bbox 1565 3329 1792 3368; x_wconf 82' lang='lat' dir='ltr'>Corinthius</span> <span class='ocrx_word' id='word_1_710' title='bbox 1819 3329 1988 3379; x_wconf 87' lang='lat' dir='ltr'>prospici</span> <span class='ocrx_word' id='word_1_711' title='bbox 2015 3330 2170 3379; x_wconf 83' lang='lat' dir='ltr'>posset3</span> <span class='ocrx_word' id='word_1_712' title='bbox 2194 3328 2418 3367; x_wconf 88' lang='lat' dir='ltr'>Philolaum</span> <span class='ocrx_word' id='word_1_713' title='bbox 2449 3328 2583 3365; x_wconf 89' lang='lat' dir='ltr'>autem</span> <span class='ocrx_word' id='word_1_714' title='bbox 2606 3326 2682 3375; x_wconf 87' lang='lat' dir='ltr'>ita,</span> <span class='ocrx_word' id='word_1_715' title='bbox 2702 3327 2764 3374; x_wconf 59' lang='lat' dir='ltr'>utd</span> 
     </span>
     <span class='ocr_line' id='line_1_99' title="bbox 1454 3388 2749 3442; baseline -0.004 -11"><span class='ocrx_word' id='word_1_716' title='bbox 1454 3393 1598 3442; x_wconf 88' lang='lat' dir='ltr'>posset.</span> <span class='ocrx_word' id='word_1_717' title='bbox 1614 3392 1857 3432; x_wconf 84' lang='lat' dir='ltr'>Habitabant</span> <span class='ocrx_word' id='word_1_718' title='bbox 1873 3392 1989 3441; x_wconf 85' lang='lat' dir='ltr'>igitur</span> <span class='ocrx_word' id='word_1_719' title='bbox 2001 3393 2162 3442; x_wconf 83' lang='lat' dir='ltr'>propter</span> <span class='ocrx_word' id='word_1_720' title='bbox 2171 3392 2294 3430; x_wconf 84' lang='lat' dir='ltr'>talem</span> <span class='ocrx_word' id='word_1_721' title='bbox 2308 3401 2466 3429; x_wconf 84' lang='lat' dir='ltr'>causam</span> <span class='ocrx_word' id='word_1_722' title='bbox 2480 3388 2585 3439; x_wconf 87' lang='lat' dir='ltr'>apud</span> <span class='ocrx_word' id='word_1_723' title='bbox 2598 3388 2749 3427; x_wconf 85' lang='lat' dir='ltr'>Theba-</span> 
     </span>
     <span class='ocr_line' id='line_1_100' title="bbox 1453 3450 2746 3506; baseline -0.004 -13"><span class='ocrx_word' id='word_1_724' title='bbox 1453 3466 1539 3494; x_wconf 87' lang='lat' dir='ltr'>nos.</span> <span class='ocrx_word' id='word_1_725' title='bbox 1554 3458 1675 3506; x_wconf 82' lang='lat' dir='ltr'>Leges</span> <span class='ocrx_word' id='word_1_726' title='bbox 1689 3458 1822 3495; x_wconf 85' lang='lat' dir='ltr'>antem</span> <span class='ocrx_word' id='word_1_727' title='bbox 1839 3457 1885 3495; x_wconf 91' lang='lat' dir='ltr'>iis</span> <span class='ocrx_word' id='word_1_728' title='bbox 1900 3455 2055 3506; x_wconf 84' lang='lat' dir='ltr'>scripsit</span> <span class='ocrx_word' id='word_1_729' title='bbox 2069 3455 2270 3495; x_wconf 83' lang='lat' dir='ltr'>Philolaus</span> <span class='ocrx_word' id='word_1_730' title='bbox 2281 3484 2291 3503; x_wconf 91' lang='lat'>,</span> <span class='ocrx_word' id='word_1_731' title='bbox 2307 3465 2434 3504; x_wconf 88' lang='lat' dir='ltr'>quum</span> <span class='ocrx_word' id='word_1_732' title='bbox 2450 3453 2499 3492; x_wconf 90' lang='lat' dir='ltr'>de</span> <span class='ocrx_word' id='word_1_733' title='bbox 2510 3450 2746 3502; x_wconf 80' lang='lat' dir='ltr'>quibusdam</span> 
     </span>
     <span class='ocr_line' id='line_1_101' title="bbox 1453 3515 2739 3570; baseline -0.004 -12"><span class='ocrx_word' id='word_1_734' title='bbox 1453 3519 1540 3559; x_wconf 84' lang='lat' dir='ltr'>aliis</span> <span class='ocrx_word' id='word_1_735' title='bbox 1561 3521 1700 3570; x_wconf 88' lang='lat' dir='ltr'>rebus,</span> <span class='ocrx_word' id='word_1_736' title='bbox 1724 3523 1813 3560; x_wconf 87' lang='lat' dir='ltr'>tum</span> <span class='ocrx_word' id='word_1_737' title='bbox 1829 3520 1878 3560; x_wconf 84' lang='lat' dir='ltr'>(le</span> <span class='ocrx_word' id='word_1_738' title='bbox 1897 3520 2109 3569; x_wconf 83' lang='lat' dir='ltr'>adoptione</span> <span class='ocrx_word' id='word_1_739' title='bbox 2134 3519 2352 3558; x_wconf 86' lang='lat' dir='ltr'>liberorum</span> <span class='ocrx_word' id='word_1_740' title='bbox 2365 3548 2375 3568; x_wconf 94' lang='lat'>,</span> <span class='ocrx_word' id='word_1_741' title='bbox 2394 3528 2494 3568; x_wconf 87' lang='lat' dir='ltr'>quas</span> <span class='ocrx_word' id='word_1_742' title='bbox 2512 3518 2659 3555; x_wconf 86' lang='lat' dir='ltr'>vocant</span> <span class='ocrx_word' id='word_1_743' title='bbox 2681 3515 2739 3553; x_wconf 83' lang='lat' dir='ltr'>illi</span> 
     </span>
    </p>

    <p class='ocr_par' dir='ltr' id='par_1_38' title="bbox 1453 3579 2743 3634">
     <span class='ocr_line' id='line_1_102' title="bbox 1453 3579 2743 3634; baseline -0.006 -11"><span class='ocrx_word' id='word_1_744' title='bbox 1453 3582 1556 3633; x_wconf 84' lang='lat' dir='ltr'>leges</span> <span class='ocrx_word' id='word_1_745' title='bbox 1569 3584 1786 3634; x_wconf 84' lang='lat' dir='ltr'>adoptivas.</span> <span class='ocrx_word' id='word_1_746' title='bbox 1805 3586 1935 3634; x_wconf 84' lang='lat' dir='ltr'>Atque</span> <span class='ocrx_word' id='word_1_747' title='bbox 1955 3585 2030 3623; x_wconf 87' lang='lat' dir='ltr'>hoc</span> <span class='ocrx_word' id='word_1_748' title='bbox 2048 3594 2205 3634; x_wconf 83' lang='lat' dir='ltr'>proprie</span> <span class='ocrx_word' id='word_1_749' title='bbox 2217 3582 2369 3632; x_wconf 78' lang='lat' dir='ltr'>legibus</span> <span class='ocrx_word' id='word_1_750' title='bbox 2384 3580 2462 3619; x_wconf 91' lang='lat' dir='ltr'>illis</span> <span class='ocrx_word' id='word_1_751' title='bbox 2482 3579 2743 3620; x_wconf 85' lang='lat' dir='ltr'>constitutum</span> 
     </span>
    </p>

    <p class='ocr_par' dir='ltr' id='par_1_39' title="bbox 1454 3647 2744 3700">
     <span class='ocr_line' id='line_1_103' title="bbox 1454 3647 2744 3700; baseline -0.005 -13"><span class='ocrx_word' id='word_1_752' title='bbox 1454 3650 1534 3695; x_wconf 84' lang='lat' dir='ltr'>est,</span> <span class='ocrx_word' id='word_1_753' title='bbox 1562 3650 1605 3688; x_wconf 90' lang='lat' dir='ltr'>ut</span> <span class='ocrx_word' id='word_1_754' title='bbox 1629 3648 1847 3699; x_wconf 88' lang='lat' dir='ltr'>bonorum,</span> <span class='ocrx_word' id='word_1_755' title='bbox 1877 3660 1968 3700; x_wconf 85' lang='lat' dir='ltr'>quoe</span> <span class='ocrx_word' id='word_1_756' title='bbox 1988 3649 2133 3699; x_wconf 88' lang='lat' dir='ltr'>cuique</span> <span class='ocrx_word' id='word_1_757' title='bbox 2153 3650 2259 3687; x_wconf 85' lang='lat' dir='ltr'>sorte</span> <span class='ocrx_word' id='word_1_758' title='bbox 2286 3647 2536 3696; x_wconf 83' lang='lat' dir='ltr'>obtigissent‚</span> <span class='ocrx_word' id='word_1_759' title='bbox 2557 3653 2744 3683; x_wconf 87' lang='lat' dir='ltr'>uumerus</span> 
     </span>
    </p>

    <p class='ocr_par' dir='ltr' id='par_1_40' title="bbox 1452 3711 1720 3764">
     <span class='ocr_line' id='line_1_104' title="bbox 1452 3711 1720 3764; baseline 0 -13"><span class='ocrx_word' id='word_1_760' title='bbox 1452 3714 1689 3752; x_wconf 86' lang='lat' dir='ltr'>servaretur.</span> <span class='ocrx_word' id='word_1_761' title='bbox 1704 3711 1720 3764; x_wconf 93' lang='lat'>]</span> 
     </span>
    </p>
   </div>
   <div class='ocr_carea' id='block_1_32' title="bbox 2030 3799 2170 3852">
    <p class='ocr_par' dir='ltr' id='par_1_41' title="bbox 2030 3799 2170 3852">
     <span class='ocr_line' id='line_1_105' title="bbox 2030 3799 2170 3852; baseline -0.007 -11"><span class='ocrx_word' id='word_1_762' title='bbox 2030 3799 2170 3852; x_wconf 85' lang='lat'><strong>[113.]</strong></span> 
     </span>
    </p>
   </div>
   <div class='ocr_carea' id='block_1_33' title="bbox 1451 3873 2740 4186">
    <p class='ocr_par' dir='ltr' id='par_1_42' title="bbox 1451 3873 2740 4186">
     <span class='ocr_line' id='line_1_106' title="bbox 1507 3873 2740 3933; baseline -0.009 -12"><span class='ocrx_word' id='word_1_763' title='bbox 1507 3879 1677 3931; x_wconf 86' lang='lat' dir='ltr'>[Seditio</span> <span class='ocrx_word' id='word_1_764' title='bbox 1711 3893 1802 3933; x_wconf 82' lang='lat' dir='ltr'>quae</span> <span class='ocrx_word' id='word_1_765' title='bbox 1839 3882 2040 3922; x_wconf 76' lang='lat' dir='ltr'>Heracleae</span> <span class='ocrx_word' id='word_1_766' title='bbox 2067 3881 2234 3931; x_wconf 85' lang='lat' dir='ltr'>exarsit,</span> <span class='ocrx_word' id='word_1_767' title='bbox 2266 3891 2317 3918; x_wconf 80' lang='lat' dir='ltr'>ex</span> <span class='ocrx_word' id='word_1_768' title='bbox 2346 3875 2521 3926; x_wconf 85' lang='lat' dir='ltr'>judiciali</span> <span class='ocrx_word' id='word_1_769' title='bbox 2550 3873 2740 3913; x_wconf 88' lang='lat' dir='ltr'>sententia</span> 
     </span>
     <span class='ocr_line' id='line_1_107' title="bbox 1452 3936 2738 3997; baseline -0.012 -10"><span class='ocrx_word' id='word_1_770' title='bbox 1452 3947 1541 3984; x_wconf 84' lang='lat' dir='ltr'>orta</span> <span class='ocrx_word' id='word_1_771' title='bbox 1555 3949 1636 3997; x_wconf 88' lang='lat' dir='ltr'>est;</span> <span class='ocrx_word' id='word_1_772' title='bbox 1659 3949 1698 3987; x_wconf 87' lang='lat' dir='ltr'>et</span> <span class='ocrx_word' id='word_1_773' title='bbox 1714 3957 1759 3986; x_wconf 88' lang='lat' dir='ltr'>ea</span> <span class='ocrx_word' id='word_1_774' title='bbox 1781 3958 1873 3997; x_wconf 80' lang='lat' dir='ltr'>quae</span> <span class='ocrx_word' id='word_1_775' title='bbox 1892 3946 2059 3995; x_wconf 83' lang='lat' dir='ltr'>Thebis,</span> <span class='ocrx_word' id='word_1_776' title='bbox 2084 3957 2132 3985; x_wconf 84' lang='lat' dir='ltr'>ex</span> <span class='ocrx_word' id='word_1_777' title='bbox 2154 3956 2224 3993; x_wconf 90' lang='lat' dir='ltr'>eo,</span> <span class='ocrx_word' id='word_1_778' title='bbox 2245 3942 2352 3993; x_wconf 87' lang='lat' dir='ltr'>quod</span> <span class='ocrx_word' id='word_1_779' title='bbox 2380 3941 2432 3979; x_wconf 90' lang='lat' dir='ltr'>ob</span> <span class='ocrx_word' id='word_1_780' title='bbox 2453 3939 2601 3977; x_wconf 88' lang='lat' dir='ltr'>crimen</span> <span class='ocrx_word' id='word_1_781' title='bbox 2628 3936 2738 3974; x_wconf 87' lang='lat' dir='ltr'>adul-</span> 
     </span>
     <span class='ocr_line' id='line_1_108' title="bbox 1451 4002 2735 4060; baseline -0.009 -14"><span class='ocrx_word' id='word_1_782' title='bbox 1451 4007 1539 4047; x_wconf 89' lang='lat' dir='ltr'>terii</span> <span class='ocrx_word' id='word_1_783' title='bbox 1554 4018 1690 4058; x_wconf 80' lang='lat' dir='ltr'>poenas</span> <span class='ocrx_word' id='word_1_784' title='bbox 1702 4010 1828 4060; x_wconf 88' lang='lat' dir='ltr'>justas</span> <span class='ocrx_word' id='word_1_785' title='bbox 1844 4011 2006 4060; x_wconf 84' lang='lat' dir='ltr'>quidem</span> <span class='ocrx_word' id='word_1_786' title='bbox 2018 4040 2029 4059; x_wconf 91' lang='lat'>,</span> <span class='ocrx_word' id='word_1_787' title='bbox 2047 4009 2113 4048; x_wconf 90' lang='lat' dir='ltr'>sed</span> <span class='ocrx_word' id='word_1_788' title='bbox 2139 4007 2298 4048; x_wconf 81' lang='lat' dir='ltr'>factiose</span> <span class='ocrx_word' id='word_1_789' title='bbox 2314 4002 2588 4052; x_wconf 84' lang='lat' dir='ltr'>sumpsissent,</span> <span class='ocrx_word' id='word_1_790' title='bbox 2610 4002 2735 4037; x_wconf 85' lang='lat' dir='ltr'>Hera-</span> 
     </span>
     <span class='ocr_line' id='line_1_109' title="bbox 1454 4060 2735 4123; baseline -0.009 -15"><span class='ocrx_word' id='word_1_791' title='bbox 1454 4070 1631 4112; x_wconf 90' lang='lat' dir='ltr'>cleenses</span> <span class='ocrx_word' id='word_1_792' title='bbox 1653 4073 1814 4123; x_wconf 87' lang='lat' dir='ltr'>quidem</span> <span class='ocrx_word' id='word_1_793' title='bbox 1831 4073 1881 4111; x_wconf 91' lang='lat' dir='ltr'>de</span> <span class='ocrx_word' id='word_1_794' title='bbox 1896 4073 2110 4123; x_wconf 82' lang='lat' dir='ltr'>Eurytioue</span> <span class='ocrx_word' id='word_1_795' title='bbox 2122 4102 2132 4121; x_wconf 95' lang='lat'>,</span> <span class='ocrx_word' id='word_1_796' title='bbox 2154 4068 2328 4110; x_wconf 85' lang='lat' dir='ltr'>Thebani</span> <span class='ocrx_word' id='word_1_797' title='bbox 2345 4067 2477 4104; x_wconf 89' lang='lat' dir='ltr'>autem</span> <span class='ocrx_word' id='word_1_798' title='bbox 2501 4063 2549 4101; x_wconf 77' lang='lat' dir='ltr'>(le</span> <span class='ocrx_word' id='word_1_799' title='bbox 2566 4060 2706 4101; x_wconf 85' lang='lat' dir='ltr'>Archia</span> <span class='ocrx_word' id='word_1_800' title='bbox 2725 4075 2735 4099; x_wconf 71' lang='grc' dir='ltr'>ι</span> 
     </span>
     <span class='ocr_line' id='line_1_110' title="bbox 1451 4124 2738 4186; baseline -0.01 -11"><span class='ocrx_word' id='word_1_801' title='bbox 1451 4135 1547 4175; x_wconf 85' lang='lat' dir='ltr'>odio</span> <span class='ocrx_word' id='word_1_802' title='bbox 1563 4136 1668 4175; x_wconf 86' lang='lat' dir='ltr'>enim</span> <span class='ocrx_word' id='word_1_803' title='bbox 1688 4147 1761 4176; x_wconf 89' lang='lat' dir='ltr'>suo</span> <span class='ocrx_word' id='word_1_804' title='bbox 1782 4136 2036 4186; x_wconf 77' lang='lat' dir='ltr'>pervicerunt</span> <span class='ocrx_word' id='word_1_805' title='bbox 2055 4136 2141 4185; x_wconf 82' lang='lat' dir='ltr'>ejus</span> <span class='ocrx_word' id='word_1_806' title='bbox 2164 4130 2334 4179; x_wconf 86' lang='lat' dir='ltr'>inimici,</span> <span class='ocrx_word' id='word_1_807' title='bbox 2355 4131 2400 4167; x_wconf 84' lang='lat' dir='ltr'>ut</span> <span class='ocrx_word' id='word_1_808' title='bbox 2424 4127 2463 4165; x_wconf 90' lang='lat' dir='ltr'>in</span> <span class='ocrx_word' id='word_1_809' title='bbox 2480 4127 2564 4165; x_wconf 88' lang='lat' dir='ltr'>soro</span> <span class='ocrx_word' id='word_1_810' title='bbox 2580 4124 2738 4163; x_wconf 70' lang='lat' dir='ltr'>vinctus</span> 
     </span>
    </p>
   </div>
   <div class='ocr_carea' id='block_1_34' title="bbox 1451 4200 1991 4251">
    <p class='ocr_par' dir='ltr' id='par_1_43' title="bbox 1451 4200 1991 4251">
     <span class='ocr_line' id='line_1_111' title="bbox 1451 4200 1991 4251; baseline -0.004 -11"><span class='ocrx_word' id='word_1_811' title='bbox 1451 4200 1637 4240; x_wconf 85' lang='lat' dir='ltr'>numelloe</span> <span class='ocrx_word' id='word_1_812' title='bbox 1655 4200 1991 4251; x_wconf 62' lang='lat' dir='ltr'>adstringeretur]</span> 
     </span>
    </p>
   </div>
   <div class='ocr_carea' id='block_1_35' title="bbox 2855 4139 2878 4146">
    <p class='ocr_par' dir='ltr' id='par_1_44' title="bbox 2855 4139 2878 4146">
     <span class='ocr_line' id='line_1_112' title="bbox 2855 4139 2878 4146; baseline 0 0"><span class='ocrx_word' id='word_1_813' title='bbox 2855 4139 2878 4146; x_wconf 57' lang='grc' dir='ltr'>ο.</span> 
     </span>
    </p>
   </div>
  </div>
 </body>
</html>
