3016 4628
275 315 364 351 22ss

271 487 460 545 phando
517 489 807 548 transegerit,
851 503 1135 546 prorsusque
1186 489 1440 547 neglexerit
1488 484 1558 531 τὸν

272 557 508 622 πρακτικὸν
545 557 658 619 βίον,
691 575 831 618 quem
864 561 1031 604 summi
1068 560 1330 604 faciendum
1362 576 1454 604 esse
1479 561 1558 604 Di·

272 634 502 676 caearchus
521 632 781 678 contendit.
802 634 981 676 Etenim
1008 634 1068 676 ita
1085 633 1246 690 Cicero
1269 631 1342 676 Ad
1363 635 1457 676 Att.
1487 633 1532 674 II
1547 666 1558 686 ,
1581 647 1586 652 ·

281 704 335 748 16
368 718 378 750 ε
405 706 539 748 Nunc
559 719 746 764 prorsus
779 703 864 747 hoc
897 709 1056 758 statui,
1099 713 1150 747 ut
1179 708 1394 762 quoniam
1431 713 1560 746 tanta

271 781 571 820 controversia
607 786 674 820 est
712 775 1009 829 Dicaearcho,
1043 773 1285 832 familiari
1320 785 1413 828 tuo,
1462 790 1560 816 cum

281 849 617 909 Theophrasto,
645 853 792 892 amico
810 863 928 902 meo,
959 858 1007 891 ut
1028 850 1110 891 illc
1128 858 1226 890 tuns
1243 845 1327 891 τὸν
1349 862 1519 908 πρακτ
1534 863 1562 888 ι-

272 919 360 966 κὸν
389 918 502 983 βίον
529 922 639 980 long
612 936 663 964 σε·
683 920 892 964 omnibns
916 928 1183 977 anteponat,
1210 918 1286 960 hic
1302 924 1452 960 autem
1477 913 1560 960 τὸν

273 995 323 1038 Os
305 1010 472 1057 εωρητ
457 991 591 1038 .ικὸν
607 998 868 1051 ,Γιτνίτμισα
889 1007 959 1034 me
991 1007 1085 1033 mos·
1105 1000 1254 1048 ‹res-stus
1285 1004 1383 1032 csse
1405 989 1558 1031 ‹idea-

273 1072 358 1111 tur.
376 1059 501 1110 Puto*
517 1069 636 1108 enim
655 1080 726 1107 me
749 1062 1013 1106 Dicaearcho
1032 1059 1225 1118 affatim
1252 1058 1558 1116 satisfecisse,-

274 1142 467 1197 respicio
498 1153 617 1181 nime
649 1137 715 1179 ail
745 1135 864 1178 hanc
883 1132 1154 1190 familiam,
1191 1148 1294 1191 quoe
1329 1132 1444 1175 mihi
1472 1147 1561 1175 non

275 1211 404 1255 modo
450 1220 498 1253 ut
549 1213 822 1267 requiescam
862 1210 1110 1265 permittit,
1154 1205 1239 1248 sed
1272 1204 1565 1263 reprehendit

273 1287 382 1340 quia
406 1298 495 1325 non
519 1296 697 1340 semper
720 1282 975 1338 quieverint.
1004 1278 1073 1321 Cf.
1106 1277 1231 1320 idem
1255 1276 1318 1321 ib.
1343 1278 1453 1331 VII,
1483 1277 1507 1321 3
1544 1292 1556 1322 t

274 1357 341 1398 Ac
351 1359 552 1414 primum
573 1354 703 1405 illud,
732 1356 778 1394 in
795 1367 881 1409 quo
902 1360 943 1393 te
964 1349 1232 1392 Dicaearcho
1249 1352 1462 1392 assentiri
1477 1364 1559 1392 ne-

270 1442 378 1483 gas,
405 1431 489 1470 etsi
504 1427 796 1485 cupidissime
819 1426 1068 1480 expetitum
1089 1437 1120 1464 a
1136 1429 1208 1464 me
1222 1425 1284 1464 sit
1297 1455 1306 1474 ,
1336 1431 1382 1464 et
1395 1434 1558 1480 appro-

274 1499 410 1542 bante
425 1509 467 1542 te
479 1533 489 1552 ,
507 1514 563 1540 ne
583 1499 752 1539 diutius
772 1510 894 1537 anno
912 1499 959 1537 in
968 1497 1203 1552 provincia
1218 1503 1379 1546 misem,
1404 1502 1558 1536 tamen

271 1592 360 1620 non
380 1587 447 1620 esc
463 1586 613 1619 nostra
636 1577 921 1617 contentione
935 1569 1208 1631 perfectum.
1237 1570 1370 1614 Idem
1397 1571 1460 1615 ib.
1484 1573 1530 1615 II
1544 1605 1556 1627 ‚

275 1664 355 1705 2ο,
380 1658 424 1691 et
449 1650 519 1705 11,
549 1662 600 1689 12
633 1662 642 1688 1
666 1643 989 1687 Dicoearclzum
1014 1652 1133 1686 recte
1151 1657 1284 1686 amas
1304 1658 1332 1684 :-
1349 1643 1557 1686 luculen-

272 1731 340 1763 tus
370 1721 502 1763 hoino
523 1729 591 1762 est
607 1728 652 1761 et
669 1722 776 1760 civis
797 1716 926 1759 haud
941 1717 1104 1775 paullo
1130 1717 1297 1759 melior
1322 1729 1459 1774 quam
1486 1719 1559 1758 isti

271 1797 412 1836 nostri
436 1790 494 1835 ἀό
507 1787 750 1851 ικαιάρχε
766 1805 852 1832 ιοι.
877 1789 1095 1832 Pluribus
1117 1789 1281 1833 Cicero
1302 1788 1559 1832 Dicaearchi

270 1865 539 1908 sententiam
565 1862 622 1906 de
646 1861 805 1905 studiis
828 1859 970 1904 rebus
994 1860 1208 1904 civilibus
1231 1860 1558 1919 impendendis

271 1937 531 1994 exposuisse
556 1933 742 1977 videtur
776 1933 911 1975 initio
950 1933 1111 1991 operis
1127 1934 1197 1976 De
1227 1933 1372 1991 Rep.‚
1402 1933 1471 1975 uti
1499 1947 1556 1975 ex

271 2016 538 2066 comparato
576 2006 801 2050 Lactantii
834 2004 1190 2049 Institutionum
1222 2005 1416 2048 exordio
1439 2021 1555 2064 pro-

270 2080 485 2124 babiliter
524 2078 761 2122 concludit
801 2079 1011 2121 Moserus
1051 2075 1149 2139 (ad
1181 2078 1277 2123 Cic.
1329 2079 1400 2122 De
1433 2079 1553 2136 Rep.

267 2165 316 2211 p.
354 2154 569 2197 LXXVII
589 2148 618 2211 J.
646 2152 887 2194 Pertinent
919 2165 1033 2194 vero
1070 2151 1163 2194 huc
1195 2151 1335 2194 etiam
1366 2165 1419 2193 ea
1456 2166 1556 2208 quae

268 2226 540 2268 Plutarchus
561 2224 700 2267 habet
725 2223 821 2283 (An
844 2224 940 2267 seni
959 2238 1058 2283 ger.
1087 2236 1209 2281 resp.
1231 2236 1272 2264 c.
1299 2220 1383 2281 26)
1413 2237 1424 2264 τ
1447 2218 1558 2274 Τοὺς

268 2298 311 2341 ἐν
348 2301 439 2348 ταῖς
477 2297 621 2348 στοαῖς
653 2293 1018 2354 ἀνακάμπτοντας
1052 2291 1305 2357 περιπατεῖν
1331 2291 1466 2356 φασὶ,
1500 2295 1558 2347 ὡς

268 2367 387 2431 ἔλεγε
411 2368 673 2432 Δικαίαρχος
691 2403 703 2426 ,
727 2366 868 2414 οὐκέτι
896 2364 938 2413 δὲ
965 2366 1059 2419 τοὺς
1084 2368 1142 2419 εἷς
1161 2365 1232 2411 τὸν
1255 2364 1384 2429 ἀγρὸν
1409 2363 1560 2429 ἢπρὸς

270 2442 388 2506 φίλον
429 2440 695 2505 βαδίζοντας,
743 2439 1016 2499 Cujusmodi
1056 2439 1347 2500 philosophis
1388 2439 1559 2485 deinde

266 2517 525 2574 opponitur
574 2514 735 2558 nobile
771 2515 973 2558 Socratis
1011 2513 1303 2572 exemplum,
1340 2513 1423 2570 qui
1461 2527 1560 2556 non

268 2588 412 2631 modo
444 2587 772 2646 philosophus,
794 2586 875 2630 sed
894 2587 1006 2630 civis
1026 2587 1165 2630 etiam
1197 2585 1400 2644 optimus
1418 2584 1560 2629 fuerit

273 2664 339 2716 (v.
364 2660 528 2719 fragm.
569 2660 719 2704 ultim.
738 2656 767 2720 J.
798 2660 1019 2703 Similiter
1057 2660 1208 2718 ipsum
1236 2658 1559 2707 Dicaearchum

271 2732 329 2774 de
364 2733 498 2775 rebus
523 2732 732 2774 civilibus
764 2733 981 2775 meritum
1017 2731 1152 2775 fuisse
1185 2739 1324 2788 atque
1362 2728 1557 2774 munera

270 2806 457 2862 publica
487 2806 666 2862 gessisse
705 2801 1100 2865 (Lacedaemone)
1139 2817 1196 2847 ex
1243 2801 1390 2845 allatis
1423 2802 1558 2847 facile

269 2877 522 2934 colligitur.

341 2949 561 2990 Praeterea
596 2948 653 2990 ‹lc
689 2950 780 2991 vita
819 2948 1074 2993 Dicaearchi
1109 2947 1227 2991 nihil
1266 2947 1556 3005 accepimus,

225 3077 231 3085 ι
271 3021 356 3065 nisi
371 3020 499 3078 quod
514 3020 636 3078 apud
654 3021 852 3064 Plinium
876 3020 952 3080 (fr.
971 3018 1048 3080 61)
1074 3034 1231 3077 regum
1249 3032 1365 3064 cura
1387 3029 1559 3063 montes

271 3100 477 3136 emensus
509 3108 601 3136 esse
637 3092 822 3136 dicitur.
851 3095 987 3137 Hunc
1013 3095 1061 3136 in
1083 3091 1226 3137 finem
1250 3093 1477 3139 Graeciam
1500 3094 1557 3136 ab

272 3180 328 3208 co
354 3174 647 3224 peragratam
673 3180 765 3208 esse
801 3181 889 3223 pro
921 3174 1049 3209 certo
1085 3165 1181 3210 sere
1213 3180 1394 3225 ponere
1428 3165 1554 3212 licet.

270 3238 392 3282 Num
432 3237 644 3295 longiora
684 3238 973 3296 geographus
998 3239 1165 3283 itinera
1200 3239 1467 3292 instituerit,
1510 3239 1560 3280 in

271 3308 427 3351 medio
451 3308 843 3365 relinquendum.
890 3311 1144 3368 Quousque
1172 3310 1375 3370 denique
1416 3312 1558 3354 vitam

272 3381 568 3439 produxerit,
604 3395 660 3422 nc
700 3381 965 3437 conjectura
1005 3382 1196 3440 quidem
1227 3384 1408 3442 assequi
1433 3383 1556 3427 licet.

270 3454 415 3497 Multa
433 3451 620 3511 quidem
641 3452 697 3494 (le
717 3455 1002 3511 temporibus
1013 3456 1269 3500 Dicaearchi
1286 3456 1560 3501 Dodwellus

270 3534 395 3569 sueta
427 3524 704 3569 verbositate
730 3524 979 3584 disputavit
1017 3542 1026 3571 :
1067 3543 1230 3572 verum
1265 3544 1373 3573 usus
1394 3542 1558 3573 eorum

272 3611 401 3656 paene
434 3596 589 3639 nullus
614 3604 691 3640 est.
719 3596 941 3641 Nituntur
965 3600 1086 3642 enim
1116 3601 1214 3644 haec
1257 3601 1413 3645 omnia
1445 3601 1559 3645 locis

272 3668 551 3729 quibusdam
583 3670 784 3711 metricae
810 3671 885 3723 τῆς
908 3667 1119 3723 Ἑλλάδος
1157 3672 1429 3735 ἀναγραφῆς,
1456 3689 1558 3732 quae

270 3742 539 3786 Dicaearcho
556 3742 665 3784 olim
685 3741 991 3797 tribuebatur,
1012 3759 1154 3801 quum
1167 3744 1380 3804 Dionysii
1392 3746 1557 3789 sitaevi·

270 3831 360 3873 que
382 3813 525 3858 infimi
546 3814 705 3867 foetus,
734 3822 831 3855 tum
853 3829 964 3857 vero
983 3815 1166 3859 indiciis
1186 3818 1421 3862 nonnullis
1439 3818 1557 3878 frag·

270 3896 533 3931 mentorum
559 3900 696 3944 prosa
733 3886 945 3928 oratione
974 3887 1278 3944 scriptorum,
1321 3904 1422 3947 quae
1446 3904 1557 3948 poe-

269 3961 369 4008 ticae
394 3959 465 4003 isti
491 3955 734 4019 Ἀναγραφῇ
756 3959 810 4001 vin
833 3957 975 4000 codd.
1002 3958 1360 4019 subjunguntur.
1385 3964 1556 4006 Verum

270 4033 405 4074 ctiam
428 4031 525 4073 haec
550 4039 707 4073 utrum
731 4030 982 4073 Dicaearchi
1008 4030 1119 4082 sint,
1145 4046 1203 4074 an
1222 4033 1335 4075 alius
1358 4034 1555 4091 scripto-—

270 4105 345 4157 ris,
360 4104 710 4146 incertissimum
729 4110 808 4147 est.
825 4103 1060 4146 Faciamus
1074 4110 1225 4145 tamen
1239 4119 1290 4148 ea
1304 4106 1554 4149 Dicaearchi

271 4191 384 4227 csse,
414 4174 745 4233 videamusque
766 4174 878 4232 quid
907 4173 1014 4216 inde
1035 4173 1093 4216 ad
1119 4181 1328 4231 tempora
1352 4179 1556 4220 auctoris

271 4238 590 4289 ‹·'(m=<titnen‹la
613 4254 990 4306 consequeretur.

1387 282 1802 354 liicAEAncnus

272 423 476 470 peratum
513 427 628 470 esse,
668 415 798 474 quod
822 431 959 459 omne
993 417 1094 459 vitae
1132 425 1312 475 teinpus
1342 418 1555 476 pliiloso-
1593 411 1602 425 '

1703 420 1908 462 Primum
1946 420 2088 478 igitur
2124 420 2171 461 in
2207 419 2465 478 fragmento
2500 416 2618 479 (59),
2651 413 2780 478 q'uod
2809 410 2975 468 Pelii*

1635 492 1806 534 montis
1843 491 2208 551 descriptionem
2247 491 2479 545 continet,
2518 492 2777 536 Demetrias
2812 492 2967 547 urbsss,¹

1636 573 2046 608 commemoratur.
2087 564 2198 620 Quae
2237 577 2333 620 quo
2371 577 2494 606 anno
2530 563 2719 608 condita
2751 565 2809 608 sit
2842 566 2927 614 etsi,

1636 635 1896 678 accuratius
1911 650 2009 678 non
2026 633 2244 688 traditur,
2267 633 2507 677 conditam
2525 641 2680 678 tamen
2695 621 2788 680 esse
2798 636 2935 696 patet.
2947 657 2966 693 -1
2973 655 2977 670 =

1636 707 1756 749 inter
1771 707 2066 764 septennium
2085 704 2208 748 istud
2220 737 2232 759 ‚
2250 718 2337 763 per
2354 705 2485 763 quod
2499 721 2647 767 regno
2662 702 2970 765 Demetrius?

1636 774 1918 820 Poliorcetes
1931 778 2109 836 potitus
2121 775 2217 836 est-⁶(
2228 776 2302 822 OL
2329 791 2413 819 121
2430 809 2443 833 ,
2461 776 2742 834 3-1‘23,3.
2764 787 2971 838 294*-

1638 845 1729 903 287
1745 846 1775 906 J.
1802 849 2044 892 Sumamus
2068 862 2242 892 annum
2261 847 2470 892 medium
2495 864 2593 910 290-
2609 865 2636 894 a
2679 850 2730 896 C.
2756 852 2953 905 1211ιοί..

1635 927 1829 980 statuas,
1851 921 1982 979 quod
1998 919 2313 979 probabiliter
2335 928 2536 966 statuere
2561 922 2695 979 licet,
2720 924 2972 982 Dicunt-j

1637 991 1774 1034 chum
1788 1008 1882 1051 quo
1899 1003 2110 1053 tempore
2122 992 2391 1037 Aristoteles
2403 1002 2618 1042 mortuus
2631 1002 2696 1038 est
2710 993 2800 1056 (01.
2819 1007 2840 1040 1
2853 996 2973 1055 110,-

1639 1060 1682 1107 3.
1725 1062 1816 1106 322
1833 1059 1871 1123 J,
1896 1065 2000 1107 vitae
2024 1078 2198 1109 annum
2232 1065 2373 1124 egisse
2392 1066 2636 1110 minimum
2658 1067 2942 1121 vicesimum}

1635 1135 1872 1192 quintum,
1900 1136 2113 1195 adeoque
2129 1146 2292 1180 natum
2313 1152 2406 1198 esse
2425 1139 2550 1183 circa
2566 1137 2662 1196 347
2683 1152 2726 1183 a.
2753 1139 2805 1184 C.
2823 1139 2949 1185 {se-*f
2973 1151 2975 1166 ³

1635 1205 1796 1264 quitur
1820 1223 1925 1251 eum
1943 1224 2066 1252 anno
2091 1225 2183 1269 290
2202 1225 2244 1253 a.
2269 1209 2322 1256 C.
2346 1210 2488 1270 egisse
2505 1225 2679 1270 annum
2699 1211 2945 1274 quinqua-

1634 1279 1857 1337 gesimum
1874 1282 2137 1340 septimum.
2158 1309 2223 1315 ——
2242 1284 2393 1327 Porro
2415 1282 2601 1327 duobus
2616 1283 2730 1329 locis
2746 1281 2821 1347 (fr.
2844 1282 2932 1349 58).
2950 1300 2951 1303 ’

1635 1367 1790 1396 versus
1810 1355 2026 1397 nonnulli
2046 1370 2071 1398 e
2100 1354 2358 1416 Posidippo
2384 1353 2710 1402 Cassandrensi
2742 1358 2969 1415 comico.
3011 1382 3015 1387 ,

1634 1423 1905 1471 afferuntur.
1945 1426 2223 1486 Posidippus
2253 1441 2394 1483 vero,
2434 1427 2623 1487 triginta
2659 1427 2967 1479 fabularum&

1636 1506 1816 1552 auctor,
1859 1498 2031 1543 docere
2069 1501 2210 1559 coepit
2249 1515 2372 1543 anno
2413 1500 2552 1544 tertio
2586 1509 2695 1560 post
2723 1504 2954 1549 mortem&

1633 1569 1902 1625 Menandri,
1922 1571 2016 1614 sive
2040 1571 2114 1614 Ol.
2145 1587 2232 1614 122
2248 1605 2259 1626 ‚
2283 1576 2326 1622 [ι.
2364 1569 2459 1631 v289
2482 1573 2495 1630 (
2516 1571 2679 1629 Suidas
2701 1588 2745 1620 V.
2768 1573 2950 1626 Ποσιδμ-

1633 1641 1701 1687 Cf.
1735 1642 1939 1686 Clinton.
1978 1643 2039 1687 ad
2074 1659 2150 1690 an.
2188 1643 2329 1703 289).
2367 1645 2517 1704 Igitur
2553 1645 2590 1688 si
2617 1632 2946 1701 concedamus

1632 1729 1790 1758 versus
1812 1715 1922 1765 istos
1945 1730 1970 1759 e
2002 1716 2166 1774 primis
2202 1716 2444 1775 Posidippi
2479 1717 2721 1762 comoediis
2756 1715 2929 1778 petitos

1635 1801 1755 1842 esse,
1793 1789 2003 1846 sequitur
2047 1804 2187 1848 opus,
2242 1790 2293 1832 in
2331 1805 2427 1848 quo
2466 1788 2734 1846 laudantur,
2776 1806 2806 1836 a
2842 1791 2942 1839 Di-'l

1634 1874 1749 1903 caea1
1752 1860 1840 1904 cho
1875 1861 1999 1905 inter
2031 1863 2365 1922 sexagesimum
2392 1861 2580 1906 demum
2605 1871 2651 1906 et
2685 1873 2927 1926 septuage

1633 1933 1800 1975 simum
1823 1934 1927 1976 vitae
1948 1949 2122 1978 annum
2143 1934 2377 1978 conscribi
2395 1934 2618 1993 potuisse.
2641 1936 2797 1993 Quum
2811 1943 2955 1990 vem?-²

1633 2004 1749 2047 nihil
1773 2013 1910 2065 cogat
1934 2013 1987 2049 ut
2019 2005 2291 2051 Dicaearcho
2321 2006 2578 2066 fragmenta
2604 2007 2687 2052 ista
2713 2002 2950 2075 tribuam-'fl

1635 2086 1728 2133 tur,
1770 2086 1816 2122 et
1847 2093 1935 2137 per
1974 2094 2021 2123 se
2050 2079 2344 2152 probabilius
2380 2079 2436 2122 sit
2477 2077 2656 2123 laudari
2694 2077 2946 2130 comicumj

1633 2164 1731 2192 non
1762 2165 1887 2194 nunc
1930 2152 2136 2220 primum
2170 2159 2435 2211 surgentem
2456 2164 2483 2194 a
2515 2164 2623 2194 sene
2661 2131 2954 2217 decrepitoss

1634 2221 1715 2265 sed
1751 2219 1844 2266 flor
1847 2233 1999 2267 entem
2022 2224 2096 2267 vel
2129 2224 2265 2267 etiam
2298 2223 2395 2281 jam
2416 2231 2654 2267 mortuum
2679 2222 2739 2267 ab
2762 2235 2938 2284 aequa

1633 2295 1707 2338 vel
1743 2296 1879 2339 etiam
1911 2296 2100 2354 juniore
2134 2297 2385 2355 scriptore,
2423 2295 2554 2340 vides
2576 2295 2957 2360 chronologi&

1634 2377 1871 2411 momenta
1905 2384 1963 2413 eo
1995 2370 2153 2428 potius
2182 2382 2269 2412 nos
2310 2367 2570 2424 adducere,
2599 2376 2654 2412 ut
2685 2379 2805 2428 opus
2829 2369 2954 2442 hoca&

1633 2441 1906 2485 Dicaearcho
1929 2440 2295 2500 abjudicandum
2330 2456 2434 2485 esse
2444 2453 2724 2485 censeamus.
2883 2479 2890 2488 .

1700 2515 1933 2557 Hactenus
1953 2514 2014 2558 de
2036 2515 2131 2558 vita
2149 2513 2422 2558 Dicaearchi.
2444 2514 2548 2557 Jam
2571 2511 2704 2572 quod
2726 2512 2927 2574 script

1633 2600 1733 2629 rem
1755 2586 1943 2640 attinet,
1965 2586 2175 2630 unanimi
2199 2595 2411 2629 veterum
2440 2598 2667 2629 consensu
2692 2585 2815 2630 inter
2847 2595 2893 2631 e·

1633 2658 1928 2702 Dicaearchus
1966 2667 2252 2714 recensetur,
2296 2658 2378 2716 qui
2421 2657 2660 2716 exquisitae
2699 2651 2945 2710 doctrinam.

1635 2730 1771 2789 copia
1794 2739 1838 2773 et
1854 2731 2075 2774 varietate
2100 2729 2402 2788 docendique
2426 2729 2642 2773 facultate
2664 2729 2931 2788 principun

1634 2803 1825 2846 locum
1814 2818 1863 2845 ln
1900 2803 2144 2862 republica
2181 2802 2387 2846 literaria
2416 2801 2722 2845 obtinuerint.
2749 2798 2927 2846 Audiui·

1633 2888 1735 2918 mus
1753 2872 1937 2920 modo:
1965 2874 2264 2918 Dicaearchus·
2282 2874 2428 2918 doctis
2427 2877 2568 2916 simus
2584 2872 2718 2917 homo
2744 2873 2923 2928 (Varro

1631 2946 1702 2990 De
1714 2948 1781 2998 ,R
1814 2949 1872 2992 R.
1898 2949 1946 3002 Ι,
1980 2946 2061 3006 1J;
2087 2951 2169 2991 vir
2197 2950 2426 3006 imprimis
2448 2945 2652 2988 eraclitus
2684 2943 2828 3004 (Plin.
2857 2946 2920 2990 H.

1634 3018 1690 3064 N.
1714 3020 1781 3073 ΙΙ,
1802 3018 1830 3061 6
1855 3016 1938 3078 5J3
1965 3015 2382 3081 ἱστορῑκώτατος
2405 3017 2525 3077 (Cic.
2545 3016 2621 3062 Ad
2638 3018 2732 3063 Att.
2754 3017 2822 3072 II,
2845 3015 2922 3078 6);

1633 3093 1812 3135 deliciae
1835 3107 1953 3135 meoe
1982 3090 2280 3135 Dicoearchus
2313 3089 2408 3150 (id.
2436 3091 2571 3135 Tusc.
2595 3090 2648 3147 I,
2681 3087 2736 3132 31
2754 3083 2924 3150 J3pen‘-

1629 3168 1852 3223 pateticus
1881 3179 1987 3223 mag
1987 3179 2076 3207 nm·
2109 3172 2157 3206 et
2183 3165 2385 3222 copiosas
2409 3159 2503 3222 (id.
2524 3162 2596 3205 De
2616 3159 2704 3207 off.
2741 3161 2813 3215 11,
2841 3157 2923 3229 5);

1633 3238 1810 3280 Dicoem
1812 3237 1929 3280 chiis
1937 3253 2036 3280 cum
2055 3240 2143 3279 Ari
2144 3245 2343 3289 wascono,
2365 3235 2484 3278 docti
2499 3248 2612 3277 sane
2623 3233 2823 3277 homines
2835 3218 2923 3293 (id

1634 3311 1768 3354 Tusc.
1793 3311 1838 3365 Ι,
1873 3308 1928 3353 18
1944 3307 1986 3369 );
2018 3308 2339 3352 Dicaearchum
2366 3306 2620 3350 mehercule
2642 3315 2726 3350 aut
2748 3307 2918 3351 Anato-

1633 3397 1801 3426 xenum
1827 3383 1999 3426 dicet-‘es
2022 3385 2208 3435 arcessi,
2249 3384 2340 3424 nori
2363 3394 2500 3423 unum
2533 3381 2733 3424 omnium
2766 3378 2901 3439 loqu

1633 3458 1857 3499 cissimum
1882 3465 1930 3499 et
1957 3459 2144 3498 minime
2172 3463 2331 3513 aptum
2366 3454 2433 3496 ad
2451 3451 2701 3497 docendum
2727 3448 2741 3509 (
2756 3449 2824 3495 id.
2848 3449 2909 3496 Α·

1633 3531 1730 3574 Att.
1750 3530 1887 3587 VIII,
1908 3525 1991 3589 4'J3
2009 3528 2204 3586 Semper
2222 3526 2382 3570 habuit
2400 3524 2650 3585 (Panaetius
2666 3537 2727 3567 sc.
2741 3521 2755 3582 J
2782 3525 2862 3566 in

1633 3601 1874 3644 Platonem
1887 3634 1897 3653 ‚
1939 3599 2229 3642 Aristotelem
2238 3630 2254 3651 ‚
2285 3597 2590 3641 Xenocratem
2603 3627 2618 3647 ,
2660 3591 2901 3652 Theophra

1632 3683 1773 3728 stum,
1807 3670 2160 3724 Dicaearchum,
2201 3679 2253 3713 ut
2281 3671 2421 3728 ipsius
2450 3671 2625 3727 scripta
2650 3667 2894 3710 declarant

1633 3761 1744 3806 quos
1762 3708 1945 3804 ²quidem
1978 3742 2063 3787 tibi
2094 3743 2295 3787 studiose
2316 3750 2363 3784 et
2388 3741 2638 3855 diligentger
2663 3747 2812 3784 traet·
2853 3735 2892 3794 ᾖ

1633 3831 1907 3879 magnopere
1928 3830 2086 3859 censeo
2119 3812 2207 3874 (id.
2228 3815 2298 3858 De
2321 3811 2403 3857 fin.
2432 3813 2518 3867 IV,
2545 3807 2662 3873 283)
2688 3805 2884 3854 Mirum

1634 3895 1715 3934 vir.
1849 3885 2080 3946 Magnum
2115 3899 2324 3930 acervum
2362 3883 2628 3929 Dicaearchi
2663 3881 2777 3926 milti
2813 3887 2877 3925 ct

1628 3964 1770 4022 pedes
1802 3971 2139 4005 exstruxeram.
2174 3955 2216 4002 Ο
2252 3973 2472 4016 magnum
2507 3956 2736 4000 hominem
2749 3988 2760 4008 ‚
2806 3948 2856 3997 et

1631 4052 1718 4094 quo
1742 4034 2035 4092 inuitoplura
2055 4032 2267 4075 didiceris
2282 4044 2418 4089 quam
2439 4030 2498 4073 de
2520 4029 2718 4073 Procilio
2737 4023 2867 4087 (idn

1632 4111 1726 4153 Att.
1766 4109 1835 4161 11,
1873 4103 1949 4166 2).
1984 4129 2050 4140 -
2085 4103 2336 4162 Reliquum
2379 4110 2444 4146 est
2489 4110 2542 4145 ut
2577 4099 2815 4144 videamus
2863 4097 2868 4102 ’

1629 4192 1701 4222 sci
1706 4179 1908 4237 iptorum
1933 4175 2036 4232 illo,
2060 4189 2197 4234 quem
2221 4172 2382 4228 Cicero
2405 4173 2542 4233 dicit,
2569 4183 2750 4216 acervo.
