3008 4542
152 246 169 286 ἵ
221 268 313 308 556

1114 251 1529 300 MANETHONIS
1569 250 1968 299 SEBENNYTAE

700 427 914 465 susm-uus.
1654 423 1894 461 Armcmus.
2396 424 2607 463 Eusenos.

275 552 371 599 Dyn.
410 551 562 598 XVIII,
605 552 666 588 15.
696 549 902 587 Ramesses
906 574 1148 586 ......
1178 555 1242 584 an.
1312 547 1382 584 1²4
1480 547 1683 585 Ramesses
1687 571 1886 585 ......
1939 553 1988 584 an
2047 549 2064 584 1
2286 572 2798 587 .............

599 627 660 675 16.
688 625 888 662 Armesses
908 621 1067 661 Miamu.
1103 650 1112 660 .
1146 651 1155 660 .
1280 624 1375 660 66.7
1486 647 1901 660 ...........
2227 620 2447 660 Ramesses.
2600 650 2610 660 .
2637 631 2703 662 an.
2749 627 2800 663 68

273 680 376 747 Dyn:
434 698 550 745 XIX,
625 700 658 736 1.
686 694 862 734 Sethosis
882 704 916 734 s.
936 695 1157 732 Ramesses.
1282 695 1331 731 59
1487 689 1663 730 Sethosis
1669 718 1892 732 ......
2015 695 2060 731 51
2236 691 2411 733 Sethosis
2426 719 2613 734 .....
2755 699 2804 736 55

623 772 660 807 2.
690 768 879 816 Rampses
891 792 1155 805 .......
1281 767 1330 801 66
1486 763 1733 813 Rampsacoe.
1755 792 1765 802 .
1796 792 1807 803 .
1839 793 1849 804 .
1883 794 1893 803 .
2014 769 2064 805 66
2231 766 2422 816 Rampses
2426 794 2606 806 .....
2753 772 2803 807 66

620 842 643 879 4
649 864 1313 878 ................
1480 837 1687 882 Ramesses
1688 865 1892 876 ......
2012 841 2063 877 6ο

289 983 365 1028 IV.
401 983 510 1026 Post
527 983 791 1026 Ramessem
815 981 1024 1038 sequitur
1055 979 1343 1038 Amenophis
1376 979 1471 1023 sive
1497 980 1824 1040 Amenophath
1840 1015 1850 1035 ,
1885 980 2018 1039 cujus
2034 980 2108 1026 bis
2127 979 2182 1026 fit
2196 983 2377 1028 mentio
2405 999 2417 1026 ι

649 1127 864 1164 Josm‘nns.
1595 1125 1837 1174 Armcmus.
2403 1127 2606 1166 Eussmus.

274 1232 378 1280 Dyn.
419 1228 575 1275 XVIII,
607 1229 667 1266 17.
701 1223 956 1274 Amenophis.
990 1255 998 1263 .
1027 1234 1092 1263 an.
1135 1227 1198 1263 19.
1229 1228 1252 1263 6
1435 1223 1727 1273 Amenophath.
1756 1253 1767 1263 .
1799 1253 1810 1263 .
1864 1234 1928 1263 an.
1963 1229 2012 1265 19
2231 1226 2489 1277 Amenophis.
2514 1257 2524 1267 .
2555 1255 2566 1266 .
2595 1255 2607 1266 .
2661 1237 2728 1280 an.
2757 1229 2808 1268 40

458 1301 572 1348 XIX,
629 1304 667 1338 3·-
698 1296 952 1346 Amenophis.
985 1326 994 1335 .
1156 1295 1177 1315 *
1229 1296 1250 1314 '¹
1431 1296 1731 1347 Amenophthis.
1755 1325 1766 1336 .
1793 1324 1806 1335 .
1956 1302 2005 1337 20
2229 1299 2524 1349 Amenephthis.
2550 1329 2559 1339 .
2593 1329 2602 1339 .
2753 1301 2805 1340 40

289 1431 548 1488 Supersunt
569 1440 700 1486 reges
722 1424 817 1468 duo
848 1439 858 1468 ε
886 1426 943 1471 V.
971 1425 1330 1468 Ammenemnes
1365 1439 1440 1468 an.
1485 1421 1511 1468 5

224 1500 425 1563 (AfriC.)
477 1500 552 1543 vel
586 1500 910 1543 Ammenemes
945 1513 1019 1543 an.
1048 1498 1109 1542 26
1152 1494 1372 1557 (Euseb.)
1395 1513 1408 1553 3
1429 1497 1512 1543 VI.

223 1575 425 1620 Thuoris
451 1588 525 1618 an.
551 1586 574 1627 7
612 1567 785 1631 (Afric.
803 1578 848 1613 et
864 1567 1031 1613 Euseb.
1050 1564 1078 1631 ).

291 1647 396 1691 Hoc
430 1645 574 1705 igitur
610 1643 756 1687 modo
796 1657 1046 1686 numerum
1075 1655 1332 1702 regnorum
1365 1640 1518 1684 nanci-

221 1720 393 1766 scimur
424 1716 626 1763 eundem
649 1731 790 1776 quem
813 1723 1116 1759 monumenta
1146 1714 1375 1774 praebent.
1415 1714 1442 1757 J
1445 1729 1519 1757 am

1591 1424 1817 1483 quaeritur
1835 1439 1950 1468 num
1968 1424 2107 1468 etiam
2129 1425 2298 1485 singuli
2319 1440 2452 1486 reges
2474 1426 2565 1471 sint
2587 1426 2745 1474 iidem.
2766 1427 2886 1475 Sunt

1588 1498 1792 1541 minime.
1804 1497 1946 1555 Quod
1975 1507 2028 1541 ut
2040 1498 2338 1558 intelligatur,
2358 1500 2680 1558 praemittimus
2696 1509 2887 1553 stemma

1589 1571 1966 1630 genealogicum,
2002 1571 2140 1629 quale
2163 1585 2220 1615 ex
2254 1581 2672 1618 monumentorum
2703 1573 2898 1622 indiciis·
2958 1579 2961 1587 “
2992 1559 2997 1566 .

1591 1642 1830 1686 constituit
1852 1643 2061 1702 Lepsius.

1389 1865 1622 1901 AmssNorms
1649 1864 1728 1911 111,

1246 1913 1343 1963 (rex
1369 1916 1536 1953 octavus
1562 1913 1656 1964 dyn.
1687 1915 1861 1963 XVIII).

410 2085 444 2122 Δ
667 2139 669 2141 .
893 2027 928 2118 ‹¹›
1328 2025 1364 2117 ‹¹›
1487 2082 1519 2118 Δ

754 2143 983 2213 AMENOI‘IIIS
1013 2172 1103 2223 (IV)

775 2225 1065 2274 (Ranefruteru
1082 2225 1096 2275 )

791 2287 1094 2367 Annulsesslmus

847 2381 1043 2419 notatur.

353 2179 505 2217 Namm-

247 2230 456 2279 tamquam
481 2225 615 2277 regina
637 2240 647 2265 ε

270 2279 542 2321 Bech-n-aten
558 2279 616 2317 Ra

330 2330 510 2380 (Bechra
524 2333 552 2379 ).

316 2380 555 2422 Kencheres

321 2434 502 2473 Cherres
525 2431 574 2481 (Ρ)

1267 2175 1406 2212 Honos
1417 2203 1429 2222 ,

1201 2223 1298 2274 (rex
1320 2234 1450 2263 nonus
1460 2224 1474 2275 )
1483 2254 1492 2263 .

294 2661 562 2708 Secundum
577 2662 674 2706 haec
691 2669 862 2721 praeter
884 2662 1070 2705 Horum
1084 2670 1344 2721 regnarunt
1364 2661 1528 2707 fratres

227 2740 323 2799 ejus
348 2740 443 2785 duo
468 2738 792 2783 Amentuanch
811 2747 857 2782 et
878 2736 1162 2797 Amenoplzis
1179 2738 1272 2781 IV.
1298 2738 1528 2782 Neutrum

227 2820 490 2858 memorant
505 2827 659 2871 neque
679 2812 900 2856 Manetho
921 2825 1076 2870 neque
1096 2810 1254 2854 tabula
1278 2811 1524 2870 Abydena'.

227 2888 414 2932 Scilicet
434 2894 634 2943 uterque
651 2884 745 2928 fato
762 2884 946 2927 functus
963 2891 1029 2927 est
1049 2891 1155 2927 ante
1169 2883 1352 2926 obitum
1369 2885 1517 2928 Hori:

227 2975 334 3003 nam
371 2959 431 3003 ad
470 2956 662 3001 aedificia
693 2957 751 3001 ab
778 2955 909 3000 Horo
930 2971 1040 3016 rege
1080 2964 1309 3000 exstructa
1352 2957 1529 3015 lapides

228 3031 426 3076 adhibiti
446 3039 552 3074 sunt
565 3065 576 3085 ,
601 3031 682 3088 qui
698 3030 891 3073 nomina
911 3029 1198 3087 Amenophis
1220 3030 1283 3073 IV
1299 3030 1529 3074 etAmen-

228 3103 417 3148 tuanchi
447 3102 668 3160 inscripta
694 3101 886 3146 habent.
914 3102 1219 3144 Monumenta
1243 3103 1527 3145 Amentuan-

229 3176 319 3231 chi,
336 3175 470 3218 sicuti
489 3175 527 3218 N
533 3174 721 3217 ebrama
735 3171 820 3215 filii
843 3173 893 3215 in
923 3170 1152 3231 AEthiopia
1170 3181 1362 3218 exstant.
1382 3175 1439 3216 In
1458 3174 1528 3218 his

228 3249 386 3306 itaque
406 3245 676 3305 regionibus
694 3259 907 3305 regnasse
923 3244 1160 3292 videntur.
1179 3246 1364 3289 Nomen
1388 3248 1530 3290 Ame-

228 3320 399 3378 nophis
413 3334 511 3361 non
534 3317 768 3376 reperitur
786 3315 907 3360 infra
922 3316 1226 3370 Asclzmum'n,
1257 3331 1359 3374 quae
1389 3325 1456 3361 est
1479 3318 1529 3361 in

229 3392 436 3451 AEgypto
462 3389 635 3434 media.
658 3390 769 3433 Post
797 3397 999 3432 mortem
1037 3390 1157 3449 regis
1176 3389 1387 3448 regnavit
1409 3405 1529 3433 uxor

230 3462 328 3520 ejus
354 3463 437 3507 sub
469 3463 660 3506 nomine
683 3461 993 3505 Beck-maten
1014 3464 1086 3505 Ra
1105 3459 1379 3524 (Beck-ra).
1405 3463 1527 3506 Num

229 3536 327 3579 haec
366 3549 557 3593 quoque
594 3533 778 3576 vivente
816 3532 970 3577 adhuc
1017 3535 1151 3577 Horo
1203 3542 1389 3578 mortua
1442 3535 1527 3593 sit,

231 3621 401 3662 necne,
438 3605 568 3650 haud
607 3605 771 3663 liquet.
799 3605 1014 3649 Ceterum
1050 3606 1253 3649 Bech-ra
1268 3639 1280 3661 ‚
1317 3621 1409 3652 see.
1445 3607 1529 3651 Le-

231 3682 408 3739 psium‚
443 3688 509 3723 est
540 3677 704 3722 eadem
741 3693 880 3736 quam
912 3679 961 3721 in
993 3680 1365 3723 Manethonianis
1387 3680 1527 3724 later-

233 3752 346 3795 culis
363 3750 595 3794 nominari
623 3749 835 3794 videmus
851 3750 1136 3806 Cencheren,
1162 3751 1413 3808 Acherren‚
1439 3762 1525 3797 etc.

235 3849 299 3857 --
321 3824 430 3866 Post
469 3828 673 3866 mortem
706 3836 820 3865 vero
865 3822 981 3865 Hori
1006 3823 1217 3881 regnavit
1258 3824 1358 3867 Tett'
1374 3839 1527 3884 soror,

231 3894 354 3940 haud
383 3894 524 3938 dubie
540 3908 630 3953 pro
664 3894 878 3937 Ramesse
891 3891 988 3936 filio
1009 3895 1226 3952 puerulo.
1256 3897 1363 3940 Haec
1379 3898 1529 3941 mani-

233 3966 347 4010 festo
372 3974 438 4010 est
462 3965 679 4010 Athothis
701 3965 1079 4011 Manethoniana.

301 4037 450 4097 Igitur
483 4037 683 4081 duarum
710 4051 853 4097 regna
887 4036 1164 4081 feminarum
1203 4039 1330 4098 apud
1372 4042 1528 4086 Mane-

237 4110 427 4154 thonem
451 4119 692 4166 notantur,
723 4124 926 4168 quorum
959 4110 1008 4153 in
1041 4110 1193 4154 tabula
1235 4111 1462 4170 Abydena
1486 4121 1531 4156 et

236 4182 283 4225 in
301 4182 488 4240 reliquis
508 4197 673 4242 regum
696 4182 900 4227 seriebus
934 4197 1030 4225 non
1057 4180 1107 4225 fit
1133 4182 1323 4230 mentio.
1359 4184 1530 4228 Contra

1726 2081 1761 2118 Ο
1945 2082 1978 2119 Δ
2167 2085 2200 2121 Δ
2662 2087 2700 2125 Ο

1741 2139 1958 2158 w
2179 2147 2693 2173 &W

1601 2177 1875 2214 AMENTuANcn
2125 2178 2222 2215 Τετι
2497 2179 2863 2223 Remu-remum..

1701 2234 1787 2263 rex.
2001 2226 2052 2275 (i.
2074 2237 2108 2265 e.
2130 2227 2339 2277 Athothis)

1977 2278 2067 2327 post
2087 2278 2185 2317 Hori
2207 2278 2364 2319 obitum

1949 2328 2087 2380 regnat
2104 2339 2197 2369 cum
2218 2330 2376 2372 marito.

1641 2483 1847 2522 Nan-mm

1709 2544 1796 2573 rex.

2328 2486 2507 2524 Rmsssu
2531 2483 2580 2536 (Ι)

2387 2546 2476 2574 rex.

1601 2663 1684 2722 qui
1711 2662 1780 2707 ibi
1819 2671 2063 2724 ponuntur
2082 2678 2214 2726 reges
2235 2666 2474 2711 Ramesses
2496 2667 2518 2710 I
2541 2676 2587 2711 et
2602 2667 2696 2713 Seti
2725 2669 2748 2714 1
2769 2667 2898 2730 apud

1601 2737 1934 2782 Manethonem
1951 2738 2246 2797 praetermissi
2258 2747 2383 2785 sunt.

1667 2809 1890 2869 Sequitur
1913 2826 1998 2855 rex
2019 2811 2184 2855 tertius
2199 2813 2438 2856 Ramesses
2472 2812 2545 2868 ΙΙ,
2566 2813 2648 2872 qui
2670 2812 2796 2858 idem
2831 2822 2900 2859 est

1601 2883 1651 2926 in
1673 2884 1987 2927 monumentis
2006 2891 2052 2927 et
2074 2899 2148 2942 ap.
2173 2883 2503 2928 Manethonem
2521 2918 2533 2940 ,
2567 2886 2648 2943 qui
2672 2886 2809 2930 etiarn
2837 2886 2905 2932 de

1603 2963 1772 3012 quarto
1798 2970 1909 3015 rege
1924 2955 2169 3000 consentit.
2186 2956 2305 2999 Nam
2323 2955 2595 3013 Menophes,
2628 2958 2888 3017 Menophis,

1601 3026 1907 3086 Amenophis,
1943 3026 2277 3087 Amenoplzadz,
2307 3028 2657 3088 Amenoplethe's‚
2691 3030 2818 3075 idem
2832 3039 2900 3076 est

1603 3113 1742 3156 quem
1773 3099 1822 3142 in
1855 3100 2169 3143 monumentis
2202 3100 2396 3160 legimus
2434 3098 2899 3162 Me(r)-n·phath·=

1600 3172 1916 3230 Menephthah
1958 3160 2025 3232 (vi
2046 3173 2247 3218 Bunsen.
2291 3188 2342 3232 p.
2384 3172 2496 3235 93).
2536 3175 2686 3218 Porro
2729 3175 2896 3221 Cham-

1601 3244 1974 3304 pollion-Figeac
1998 3253 2044 3288 et
2058 3245 2315 3288 Bunsenius
2343 3260 2444 3289 non
2467 3245 2702 3292 diversum
2721 3261 2816 3292 esse
2838 3247 2904 3293 ah

1603 3331 1658 3360 eo
1682 3324 1888 3360 statuunt
1911 3313 2144 3379 Μενόφρην
2175 3314 2236 3379 (i.
2266 3331 2310 3363 e.
2343 3317 2547 3380 Μενοφθῆ
2560 3315 2593 3379 ),
2622 3318 2734 3363 inde
2759 3334 2787 3364 a
2812 3334 2898 3364 cu-

1601 3387 1672 3445 jus
1691 3404 1838 3449 regno
1855 3390 2041 3434 initium
2059 3389 2246 3449 periodi
2265 3390 2492 3435 Sothiacae
2511 3391 2622 3435 anni
2646 3389 2767 3435 1322
2789 3407 2830 3438 a.
2845 3391 2896 3439 C.

1604 3471 1843 3521 computat
1865 3463 2027 3507 Theon
2053 3458 2187 3525 (Περὶ
2210 3462 2286 3518 τῆς
2311 3465 2385 3507 τοῦ
2423 3459 2546 3516 κυνὸς
2579 3462 2778 3520 ἐπιτολῆς
2803 3461 2902 3509 ἐπί-

1604 3531 1759 3594 δειγμα
1776 3533 1902 3593 apud
1914 3536 1959 3580 J.
1986 3536 2039 3578 Β.
2082 3535 2205 3578 Biot.
2242 3533 2525 3579 Becherches
2564 3549 2646 3578 sur
2667 3537 2901 3595 plusieurs

1598 3610 1751 3665 points
1773 3608 1831 3650 (le
1853 3607 2162 3651 l'astronomie
2194 3608 2490 3666 e'gspte'enne.
2528 3609 2697 3664 Paris,
2737 3607 2859 3654 1823
2879 3643 2895 3670 ,

1602 3694 1649 3738 p.
1676 3677 1767 3724 303
1781 3674 1812 3740 ).
1838 3682 1906 3724 Ac
1928 3680 2184 3724 Bunsenius
2210 3679 2402 3740 quidem
2424 3680 2488 3723 ita
2512 3694 2732 3724 numeros
2755 3680 2896 3726 ador-

1601 3753 1753 3807 navit,
1785 3759 1837 3796 ut
1853 3767 2000 3797 annus
2027 3751 2148 3797 1322
2173 3767 2216 3797 a.
2239 3753 2289 3800 C.
2311 3752 2368 3796 sit
2381 3752 2561 3811 primus
2584 3753 2706 3813 regis
2737 3753 2900 3799 Mene·
2963 3736 2975 3762 Γ

1601 3824 1780 3882 phthah
1803 3822 1877 3885 Γ).

1655 3963 1707 4014 (*)
1743 3966 1774 4003 E
1791 3963 2039 4003 Manethonis
2054 3963 2251 4012 numeris,
2273 3962 2411 4013 qualoe
2432 3963 2644 4004 Boeckhius
2662 3963 2869 4004 constituit
2881 3993 2901 4014 2
2964 3972 2966 3974 ·

1603 4032 1731 4062 annus
1753 4027 1850 4062 1322
1873 4033 1911 4062 a.
1927 4024 1975 4062 G.
2001 4022 2061 4061 est
2076 4021 2240 4071 quintus
2254 4020 2355 4071 regis
2370 4021 2868 4072 Sethos-Ramesses(XIX
2882 4052 2895 4073 ‚
2962 4027 2963 4031 ’

1611 4080 1666 4129 1).
1702 4081 1752 4119 Et
1790 4079 2010 4130 suspicatur
2042 4078 2252 4118 Boeckhius
2274 4090 2315 4129 p.
2337 4081 2411 4118 307
2446 4081 2658 4119 Ramessen
2689 4081 2901 4130 propterea

1605 4137 1748 4177 Sethos
1771 4138 2091 4186 cognominatum
2103 4147 2209 4187 esse,
2230 4136 2339 4187 quod
2357 4136 2434 4176 sub
2454 4148 2572 4187 regno
2599 4136 2684 4186 ejus
2709 4147 2812 4188 nova
2826 4147 2894 4187 pe·
2970 4154 2977 4155 ff

1607 4194 1740 4234 riodus
1760 4195 1942 4235 Sothiaca
1974 4194 2175 4245 inceperit.
2202 4197 2303 4235 Nam
2328 4195 2469 4235 Sethos
2499 4196 2558 4235 cst
2582 4194 2719 4235 Sothis
2735 4225 2746 4245 ,
2775 4194 2899 4243 Seth„
