3016 4628
316 283 870 359 FRAGMENTA
921 278 1131 350 'rmA
1181 278 1234 347 E
1285 274 1554 347 Com).
1603 266 1968 351 PETITA,
2022 265 2233 355 QUAE
2281 220 2889 335 DICAEARCHO'
2992 206 3006 222 '⁴

1191 418 1537 491 Ascfllssl
1582 413 1955 486 soLENT.
2470 387 2483 396 ’
2567 379 2571 382 ’
2689 374 2692 376 ’
2744 392 2750 396 ·

1535 706 1612 766 59.

684 829 719 873 Ε
754 827 969 874 CODICE
1003 820 1348 868 PARISIENSE
1383 816 1570 862 REGIO
1603 816 1666 858 N⁰
1701 811 2002 858 CCCCXLIII
2037 810 2472 856 SUPPLEMENTI.
2522 787 2524 789 v

369 987 551 1051 [ΠΕΡΙ
586 986 713 1035 ΤΩΝ
751 986 825 1032 EN
866 981 1087 1029 ΕΑΛΑΔΙ
1126 969 1435 1036 ΠΟΛΕΩΝ.]

329 1113 551 1163 Ἐντεῦθεν
575 1114 632 1166 εἰς
670 1111 718 1157 τὸ
743 1108 970 1166 Ἀθηναίων
995 1105 1153 1152 ἔπεισιν
1189 1102 1322 1149 ἄστυ·
1363 1099 1455 1153 ὁδὸς
1492 1097 1536 1145 δὲ

260 1189 405 1245 ἡδεῖα,
427 1183 723 1249 γεωργουμένη
748 1189 888 1238 πᾶσα,
911 1177 1070 1243 ἔχουσά
1098 1177 1178 1240 [τι]
1202 1179 1252 1240 τῇ
1271 1173 1365 1239 ὄψει
1385 1170 1536 1239 φιλοίν-

265 1263 448 1323 Θρωπον.
474 1256 530 1304 ‘H
553 1257 596 1302 δὲ
619 1254 740 1306 πόλις
762 1251 867 1316 ξηρὰ
891 1258 1012 1298 πᾶσα
1027 1286 1040 1311 ,
1073 1250 1149 1296 οὐκ
1173 1247 1369 1312 εὔυδρος,
1394 1246 1537 1296 κακῶς

264 1328 641 1394 ε’ρρυμοτομημένη
674 1326 743 1372 διὰ
779 1324 856 1380 τὴν
879 1322 1159 1388 ἀρχαιότητα.
1197 1321 1254 1369 Αἱ
1279 1316 1355 1380 μὲν
1381 1315 1536 1363 πολλαὶ

263 1404 347 1448 τῶν
366 1403 508 1448 οἰκιῶν
529 1401 732 1456 εὐτελεῖς,
756 1398 896 1459 ὀλίγαι
933 1394 976 1442 δὲ
1007 1392 1236 1458 χρήσιμαι.
1262 1388 1533 1447 Ἆπιστηθείη

262 1472 298 1518 δ’
323 1471 375 1519 ἂν
410 1470 604 1534 ἐξαίφνης
626 1469 708 1515 ὑπὸ
743 1471 825 1515 τῶν
866 1465 992 1521 ξένων
1028 1462 1324 1529 θεωρουμένη,
1353 1464 1390 1508 εἷ
1423 1459 1534 1517 αὐτή

263 1546 377 1591 ἐστιν
401 1549 427 1601 ἡ
465 1541 861 1606 προσαγορευομένη
890 1542 974 1586 τῶν
1010 1537 1241 1595 Ἀθηναίων
1265 1535 1407 1589 πόλις·
1443 1532 1534 1596 μετ’

262 1617 309 1662 οὗ
348 1615 454 1662 πολὺ
497 1614 540 1661 δὲ
579 1612 843 1660 πιστεύσειεν
877 1611 926 1658 ἄν
968 1630 1043 1663 τις,
1079 1609 1249 1677 ’ῼδεῖον
1284 1611 1368 1655 τῶν
1404 1609 1445 1653 ἐν
1482 1609 1535 1669 τῇ

265 1686 491 1748 οἰκουμένη
533 1686 780 1732 κάλλιστον·
823 1683 993 1747 θέατρον
1035 1681 1273 1743 ἀξιόλογον,
1313 1678 1423 1742 μέγα
1460 1677 1533 1724 καὶ

261 1741 529 1819 Θαυμαστόν·
557 1756 729 1813 Ἀθηνᾶς
753 1755 889 1819 ἱερὸν,
914 1753 1162 1815 πολυτελὲς,
1192 1751 1399 1816 ἀπόψιον,
1423 1749 1534 1804 ἄξιον

260 1837 381 1890 θεᾶς,
421 1833 443 1876 δ
493 1828 749 1889 καλούμενος
794 1826 1049 1890 Παρθενὼν,
1109 1824 1409 1889 ὑπερκείμενον
1460 1826 1533 1869 τοῦ

261 1901 461 1964 θεάτρου·
499 1900 688 1963 μεγαλὴν
721 1898 987 1956 κατάπληξιν
1023 1894 1137 1945 ποιεῖ
1166 1905 1250 1950 τοῖς
1289 1899 1535 1960 θεωροῦσιν·

262 1972 531 2034 Ὀλύμπιον,
570 1971 767 2034 ἡμιτελὲς
805 1970 905 2032 μὲν,
945 1969 1210 2027 κατάπληξιν
1247 1971 1283 2015 δ’
1325 1967 1422 2032 ἔχον
1458 1965 1534 2024 τὴν

259 2048 334 2101 τῆς
352 2045 591 2105 οἰκοδομίας
614 2044 886 2109 ὑπογραφὴν,
910 2043 1131 2107 γενόμενον
1157 2043 1194 2089 δ’
1215 2041 1264 2088 ἂν
1289 2041 1505 2105 βέλτιστον
1520 2076 1532 2098 ,

258 2116 375 2181 εἴπερ
393 2116 663 2173 συνετελέσθη
675 2135 686 2145 ·
700 2116 914 2178 γυμνάσια
931 2115 1027 2180 τρία
1041 2153 1052 2173 ,
1070 2112 1325 2176 Ἀκαδημία,
1341 2111 1536 2169 Λύκειον,

259 2187 553 2251 Κυνόσαργες,
593 2186 734 2233 πάντα
774 2186 1039 2250 κατάδενδροί
1071 2206 1117 2248 τε
1140 2188 1214 2232 καὶ
1242 2191 1326 2238 τοῖς
1364 2183 1538 2248 ἐδάφεσι

258 2258 429 2316 ποώδη,
461 2258 604 2323 χόρτοι
640 2260 914 2311 παντοθαλεῖς
950 2256 1190 2323 φιλοσόφων
1228 2257 1537 2313 παντοδαπῶν,

258 2335 394 2394 ψυχῆς
425 2331 587 2377 ἀπάται
619 2330 692 2376 καὶ
725 2330 1012 2383 ἀναπαύσεις·
1047 2329 1201 2394 σχολαὶ
1231 2327 1410 2387 πολλαὶ,
1446 2326 1538 2375 θέαι

261 2410 463 2466 συνεχεῖς.

321 2491 357 2522 2.
395 2477 435 2522 T
440 2473 465 2520 ὰ
502 2472 701 2537 γινόμενα
734 2475 783 2520 ἐκ
819 2478 893 2532 τ’ῆς
931 2478 1009 2537 γῆς
1047 2473 1188 2521 πάντα
1230 2472 1422 2534 ἀτίμητα
1461 2472 1536 2520 καὶ

259 2549 406 2608 πρῶτα
443 2549 494 2609 τῇ
524 2545 687 2608 γεύσει,
718 2548 856 2611 μικρῷ
881 2545 924 2593 δὲ
949 2545 1236 2610 σπανιώτερα.
1268 2545 1383 2593 Ἀλλ’
1404 2549 1431 2602 ἡ
1452 2547 1536 2591 τῶν

262 2617 382 2670 ξένων
421 2610 611 2670 ἑκάστοις
640 2618 980 2680 συνοικειουμένη
1016 2622 1107 2672 ταῖς
1129 2617 1371 2680 ἐπιθυμίαις
1397 2616 1532 2681 εὐάρ-

263 2706 414 2747 μοστος
447 2688 641 2753 διατριὸὴ
678 2693 930 2754 περισπῶσα
951 2690 1027 2747 τὴν
1049 2689 1236 2736 διάνοιαν
1267 2689 1338 2737 ἐπὶ
1361 2689 1410 2737 τὸ
1432 2688 1530 2755 ἀρέ-

264 2777 362 2805 σκον
384 2759 515 2816 λήθην
538 2763 612 2817 τῆς
636 2760 823 2814 δουλείας
848 2761 1083 2825 ἐργάζεται.
1108 2759 1240 2810 Ἔστι
1265 2761 1309 2809 δὲ
1332 2768 1427 2815 ταῖς
1462 2760 1541 2824 μὲν

859 2904 928 2944 59.

321 3010 354 3041 ι.
384 3003 547 3053 tusum]
577 3005 687 3053 quis?
714 3004 867 3044 viator?
887 3007 1037 3047 ἐπίασιν
1065 3009 1168 3058 conj.
1192 3009 1312 3057 Gail.,
1330 3008 1440 3059 quod
1459 3019 1540 3048 non

269 3060 391 3108 magis
410 3060 558 3109 placet;
580 3063 672 3100 εἰσὶν
689 3063 750 3100 vel
774 3064 874 3102 ἐστὶν
891 3065 985 3104 ἂστυ
1002 3067 1139 3105 στάδια
1159 3067 1196 3117 μ’
1216 3067 1275 3106 vel
1298 3065 1326 3105 ν’
1338 3095 1349 3115 ,
1373 3067 1540 3116 Stepha-

269 3126 357 3164 nus,
374 3115 423 3154 ad
436 3115 727 3157 'similitudinem
743 3120 908 3159 aliorum
929 3122 1044 3171 liujus
1059 3124 1196 3172 fragm.
1211 3124 1414 3172 locorum;
1436 3123 1540 3162 idem

268 3173 372 3222 conj.
399 3175 599 3223 Osannus,
626 3175 741 3214 missa
759 3179 890 3216 tamen
911 3188 1006 3218 voce
1028 3180 1138 3220 ἄστυ.
1168 3181 1324 3232 Reliqui
1350 3181 1463 3221 editt.
1486 3181 1542 3220 nil

270 3228 501 3277 diiudicant.
520 3235 665 3270 Auctor
682 3236 824 3281 noster,
841 3237 937 3284 puto
948 3266 959 3286 ‚
977 3238 1296 3287 proficiscebatur
1316 3239 1357 3277 in
1376 3241 1534 3278 antece.

269 3298 292 3323 a
312 3287 564 3336 Peloponnesi
585 3288 745 3338 tinibus,
770 3302 938 3340 quorum
962 3295 1001 3333 iu
1021 3297 1219 3336 mentione
1245 3296 1423 3337 subsistit
1441 3297 1542 3336 Dio-

272 3344 369 3394 nysii
400 3346 658 3393 fragmentum
676 3349 876 3388 metricum
890 3380 901 3399 ‚
928 3352 1033 3401 quod
1056 3354 1096 3392 in
1112 3355 1248 3394 codice
1265 3358 1448 3394 nostrum
1469 3366 1542 3394 ex-

271 3404 450 3451 cerptum
481 3403 656 3451 proxime
686 3407 891 3447 antecedit.
919 3414 946 3447 Α
980 3410 1243 3460 Peloponneso
1275 3412 1340 3451 via
1372 3411 1544 3451 ducebat

274 3461 449 3508 Megara,
475 3459 565 3498 hinc
593 3461 771 3510 Eleusin,
792 3464 880 3504 liinc
900 3466 962 3504 via
985 3478 1094 3507 sacra
1117 3470 1156 3507 et
1178 3480 1333 3509 amoena
1357 3470 1542 3510 Athenas.

273 3517 501 3567 scripserim
523 3518 638 3566 igitur
660 3534 669 3558 z
689 3520 849 3561 ἐντεῦθεν
865 3526 915 3569 εἰς
931 3526 974 3564 τὸ
991 3526 1191 3572 Ἀθηναίων
1209 3529 1295 3576 (vel
1313 3530 1364 3573 εἰς
1383 3530 1451 3575 τήν
1467 3528 1519 3568 Ἀ.
1534 3557 1545 3576 ,

275 3572 335 3612 vel
363 3575 414 3618 εἰς
447 3575 514 3618 τας
546 3575 715 3622 Ἀθήνας)
744 3578 1007 3621 Ἑλευσινία
1042 3584 1171 3622 ἐστὶν
1195 3586 1303 3635 ὁδὸς,
1335 3587 1442 3633 ἡδεῖα
1462 3587 1545 3626 κτλ.

276 3652 326 3660 --
348 3629 416 3682 [τι]
430 3631 560 3671 addidi
588 3643 609 3670 e
632 3634 734 3683 conj.
753 3638 950 3686 Stephani.
981 3661 1031 3668 —-
1055 3642 1303 3695 ἀπιστηθείη]
1331 3645 1520 3695 stephan.
1535 3675 1547 3695 ,

277 3689 508 3735 ἀποστηθιίη
525 3690 664 3729 codex.
689 3713 733 3719 —
750 3694 844 3732 πολὺ
863 3695 928 3746 δὲ]
948 3697 986 3736 δὲ
1006 3697 1045 3736 in
1066 3698 1174 3737 editt.
1190 3700 1308 3740 deest.
1330 3725 1378 3730 —
1391 3701 1548 3753 ᾠδεῖον]

279 3747 595 3785 itemstertmsius
619 3750 707 3798 (ap.
741 3751 967 3801 xvoeseling.
991 3755 1184 3795 Probabil.
1205 3768 1238 3806 p.
1268 3760 1357 3809 335)
1382 3762 1422 3799 et
1440 3760 1549 3799 Bois·

276 3803 411 3842 mund.
439 3803 510 3848 (ad
540 3805 727 3844 tlolstcnii
758 3810 852 3857 Epp.
874 3810 923 3847 ad
946 3811 1024 3849 div.
1049 3823 1086 3861 p.
1116 3815 1205 3861 14);
1226 3816 1351 3855 codex
1374 3833 1383 3856 ε
1403 3818 1476 3856 ὢδε
1492 3818 1550 3867 ἦν.

279 3861 417 3909 natio,
448 3871 528 3911 qua
550 3867 897 3904 monumentorum
927 3870 1099 3908 recensio
1124 3870 1398 3923 introducitur,
1419 3878 1552 3925 aperte

276 3919 516 3969 excerptoris
540 3922 610 3959 est.
631 3945 680 3953 -
699 3922 823 3973 μέγα]
855 3925 1096 3975 Stephanum
1125 3930 1217 3976 μετὰ
1237 3931 1374 3971 codex.
1399 3935 1551 3978 Quam-

278 3986 398 4025 quam
424 3977 544 4015 ettam
566 3978 664 4026 μέγα
682 3977 737 4016 sic
763 3979 933 4028 positum
955 3982 996 4021 li.
1023 3982 1047 4021 Ι.
1079 3984 1296 4034 claudicat;
1327 3989 1461 4029 malim
1487 3992 1553 4029 καὶ

280 4035 377 4080 μίγα
403 4034 620 4084 θαυμαστόν
652 4034 715 4074 vel
743 4037 889 4086 μεγέθει
917 4040 951 4077 0.
982 4060 1030 4067 -
1062 4042 1257 4087 πολυτελὲς
1289 4044 1474 4098 ἁπόὸιον]
1500 4048 1556 4087 sic

281 4088 426 4135 ‹·‹›dex;
447 4104 487 4128 π.
515 4090 750 4131 &nemci-:rev
767 4094 939 4144 Stcplian
972 4099 1011 4135 et
1032 4098 1237 4147 ilolsten.;
1263 4100 1433 4141 ἄποπτον
1449 4106 1552 4144 Gro-

284 4155 398 4191 nov-3
419 4147 580 4196 ᾰπόψιον
603 4149 810 4189 Dssbnerus
837 4161 947 4190 meus
975 4156 1182 4203 proponit,
1217 4158 1321 4204 quod
1344 4159 1392 4198 ad
1414 4161 1557 4201 tradita
1634 4173 1757 4214 usque
1779 4163 1828 4203 ad
1850 4176 1888 4203 v.
1922 4166 2190 4206 διδασκαλεῖον
2219 4167 2419 4218 explicatu
2439 4167 2695 4220 difficillima,
2717 4170 2758 4209 et
2786 4178 2886 4220 μ’,

1862 965 1878 1028 [
1896 965 1978 1012 DE
2016 965 2291 1013 GRAECIAE
2326 966 2616 1018 URBIBUS.
2634 967 2653 1031 ]

1664 1093 1764 1132 Hinc
1800 1091 1973 1131 Athenas
2002 1090 2114 1131 ducit
2151 1091 2438 1144 (Eleusinia)
2476 1093 2564 1144 via,
2588 1105 2771 1147 amoena,
2790 1096 2910 1138 culta
2977 1094 2989 1150 {i

1610 1167 1716 1215 tota,
1753 1163 2044 1203 humanitatem
2074 1173 2158 1212 prae
2185 1174 2228 1203 se
2258 1163 2403 1205 serens.
2427 1167 2518 1216 Ipsa
2545 1166 2642 1207 urbs
2671 1167 2757 1207 tota
2773 1167 2910 1222 siem,
2971 1159 2989 1221 g'

1610 1248 1739 1288 neque
1755 1236 1868 1287 aquis
1887 1236 1991 1275 bene
2013 1235 2232 1285 instructa,
2257 1247 2390 1288 neque
2419 1239 2542 1278 recte·
2560 1238 2657 1279 item
2686 1238 2728 1279 in
2755 1240 2909 1291 plateas
2959 1224 2986 1296 ⁴⁷}

1611 1312 1720 1350 secta
1756 1309 1808 1348 ob
1841 1309 2099 1348 vestutatem.
2135 1310 2343 1348 Domuum
2377 1309 2583 1362 pleraeque
2614 1311 2738 1362 viles,
2766 1320 2910 1364 paucae
2960 1307 2969 1367 j,

1609 1381 1844 1422 commodae.
1887 1381 2021 1420 Primo
2048 1381 2184 1420 statim
2210 1383 2375 1432 aspectu
2393 1382 2512 1435 plane
2536 1381 2768 1442 dubitarent
2793 1395 2908 1436 pere-
2939 1393 2956 1404 ⁴·

1611 1455 1712 1506 grini
1724 1486 1735 1505 ,
1757 1465 1809 1494 an
1825 1454 1913 1493 haec
1928 1454 2032 1494 esset
2047 1453 2115 1493 illa
2131 1453 2332 1494 celebrata
2353 1448 2656 1498 Atheniensium
2669 1456 2769 1497 urbs
2784 1473 2797 1499 ι
2811 1468 2911 1499 mox
2959 1444 2963 1475 ;

1610 1531 1747 1568 tamen
1777 1526 1891 1566 facile
1915 1525 2059 1577 aliquis
2088 1525 2240 1566 credat.
2271 1526 2431 1566 Odeum
2460 1526 2516 1567 ibi
2543 1529 2727 1569 omnium
2746 1529 2790 1586 in
2808 1529 2911 1573 orbe

1608 1604 1803 1641 terrarum
1824 1599 2164 1650 pulcherrimum3
2180 1599 2385 1640 theatrum
2403 1593 2677 1657 'memorabile
2694 1599 2910 1646 mirandae·

1610 1685 1688 1725 que
1703 1672 2005 1723 magnitudinis;
2023 1672 2215 1712 Minervae
2230 1668 2371 1712 sanum
2391 1671 2700 1725 sumptuosum,
2714 1683 2744 1715 ,ο
2754 1674 2914 1726 longin-
2971 1663 2973 1665 ¹

1610 1759 1691 1798 quo
1723 1746 1983 1796 conspicuum
2020 1744 2177 1795 deaque
2205 1744 2508 1796 dignissimum,
2538 1746 2648 1797 quod
2685 1747 2911 1789 Parthenon
2968 1743 2971 1747 ’
2996 1756 3002 1807 ξ

1612 1821 1780 1869 vocant,
1797 1819 1955 1858 theatro
1968 1818 2246 1868 superiacens,
2261 1816 2462 1862 intuentes
2481 1821 2523 1858 in
2551 1803 2737 1870 magnam
2750 1821 2912 1872 rapiens
2960 1830 2963 1831 ’

1611 1891 1935 1940 admirationem;
1970 1890 2226 1942 olympium,
2251 1889 2576 1942 semiperfectum
2600 1890 2703 1933 iilud
2726 1892 2913 1945 quiden,

1612 1966 1678 2004 sed
1708 1966 1924 2004 structurae
1951 1963 2216 2004 delineatione
2244 1950 2451 2019 stuporem
2477 1949 2703 2016 incutiens,
2729 1964 2915 2012 ssulwu-
2965 2011 2970 2020 .
2997 1972 3000 2022 j

1616 2049 1710 2077 vero
1743 2037 2138 2088 praestantissimum,
2177 2036 2212 2076 si
2248 2037 2474 2087 perfectum
2517 2037 2677 2088 suisset5
2710 2039 2914 2090 gymnasia
2955 2062 2959 2066 Δ

1614 2111 1716 2157 tria,
1749 2108 1989 2158 Academia,
2018 2111 2218 2159 Lyceum,
2247 2105 2518 2160 Cynosarges,
2542 2111 2678 2150 omnia
2704 2111 2915 2152 arboribus
2956 2140 2959 2146 ,

1617 2184 1658 2222 ct
1673 2182 1758 2222 solo
1783 2181 1986 2232 gramineo
2003 2181 2215 2231 decorata,
2240 2181 2347 2221 horti
2373 2181 2550 2224 virentes
2562 2183 2772 2224 variorum
2781 2183 2914 2236 pbilo-
2961 2190 2963 2192 ’
2995 2198 2997 2203 ’

1612 2255 1829 2306 sophorum
1842 2284 1853 2304 ,
1876 2254 1999 2294 animi
2016 2253 2300 2301 delectationes
2317 2255 2684 2307 recreationesquez
2707 2254 2816 2300 setim
2829 2256 2916 2308 piu-
2996 2275 3002 2312 γε

1613 2327 1746 2376 rimae;
1767 2322 1996 2377 spectacula
2011 2326 2254 2378 frequentia.

1668 2475 1706 2509 2.
1731 2470 1903 2509 Fructus
1917 2470 2036 2509 terrae
2050 2469 2369 2520 inaestimabiles,
2387 2481 2653 2522 magnamque
2664 2470 2815 2512 habeut
2828 2482 2918 2515 sua·

1616 2520 1801 2568 vitatem,
1821 2521 1955 2570 paullo
1983 2522 2121 2560 tamen
2153 2522 2324 2561 rariores
2348 2523 2456 2562 sunt.
2480 2522 2618 2574 [Hinc
2647 2530 2811 2573 mana
2841 2526 2910 2564 in-

1615 2571 1831 2611 commoda
1853 2580 2097 2611 nascuntur
2125 2573 2403 2622 proletariis-,-
2425 2571 2663 2614 durissima
2682 2574 2819 2614 etiam
2847 2576 2914 2615 in·

1617 2623 1883 2673 quilinorum
1912 2621 2100 2661 conditio
2121 2625 2165 2662 et
2195 2620 2371 2663 tantum
2403 2634 2486 2663 mm
2514 2622 2729 2676 servilia]
2761 2623 2915 2667 Verum

1615 2672 1916 2723 peregrinorum
1944 2672 2088 2712 animis
2102 2673 2344 2713 oblivionem
2365 2675 2570 2714 servitutis
2598 2675 2716 2715 affert
2733 2674 2915 2716 studium

1619 2725 1742 2773 atque
1760 2734 1882 2773 opera
1899 2733 2023 2772 quam
2039 2724 2082 2763 in
2097 2724 2239 2773 rebus,
2257 2735 2348 2775 quae
2375 2725 2457 2765 suis
2478 2725 2683 2766 desideriis
2702 2728 2910 2770 suntcen·

1620 2776 1834 2823 sentaneae,
1855 2776 2021 2826 ponunt.
2048 2775 2258 2815 Plehecula
2283 2777 2422 2815 autem
2451 2777 2691 2826 spectaculis
2717 2778 2760 2819 et
2782 2776 2921 2821 otiosis

1613 2899 1795 2949 proxime
1821 2898 1975 2938 accedit
2006 2900 2047 2938 et
2077 2899 2318 2949 comparatis
2345 2900 2512 2939 vocibus
2538 2899 2706 2950 ἄποψις,
2732 2901 2916 2953 ἐπόψιος,
2960 2919 2961 2922 ’
2994 2898 2997 2913 ³

1616 2957 1780 3007 ὑπόψιος
1806 2957 1958 3007 optime
1979 2955 2219 2996 defenditur.
2252 2959 2442 2997 Ceterum
2473 2957 2612 2997 malim
2631 2958 2715 3006 τῆλ’
2749 2957 2918 3010 ἀπὰψιον
2994 2958 3001 2978 ³

1614 3014 1679 3053 vel
1700 3015 1791 3059 ἑκὰς
1812 3013 1882 3052 ἀπ.
1906 3015 1952 3053 In
1968 3015 2144 3052 mentem
2161 3013 2282 3054 etiam
2302 3014 2412 3055 venit
2437 3014 2478 3054 in
2493 3015 2694 3060 πολυτελὲς
2713 3014 2839 3056 ἀπόὅ
2847 3030 2918 3056 ιον

1617 3072 1782 3111 fortasse
1799 3069 1924 3110 latere
1949 3071 2125 3110 πολυτελ.
2144 3072 2446 3123 Ἑκατόμπεδον.
2461 3095 2515 3106 --
2530 3073 2638 3124 θεᾶς]
2666 3073 2752 3119 θέας
2774 3073 2916 3115 (allex.

1615 3150 1667 3157 —
1691 3127 1983 3179 ὑπερκείμενον]
2007 3127 2063 3168 sic
2094 3128 2245 3180 codex;
2271 3143 2342 3175 ..ος
2376 3129 2510 3179 editt.;
2543 3130 2726 3170 mutandi
2751 3132 2923 3180 neem-

1616 3187 1741 3226 tatem
1777 3185 1970 3227 desidero.
2011 3208 2063 3215 —
2096 3188 2165 3234 τήν
2209 3201 2244 3226 τ.
2281 3201 2317 3228 ο.
2345 3187 2595 3240 ὑπογραφὴν]
2636 3190 2690 3235 εἰς
2716 3190 2789 3238 τὴν
2812 3184 2919 3243 offl-

1617 3244 1862 3294 Stephanus;
1890 3245 2206 3292 καταπληκτικὴν
2240 3246 2550 3297 (καταπλήξιμον
2579 3257 2615 3286 s.
2649 3247 2924 3297 mmmm-*v

1618 3303 1786 3342 Salmas.
1802 3301 1814 3350 )
1828 3301 1859 3341 δ’
1879 3302 1942 3353 ἔχ.
1959 3303 2028 3349 τὴν
2047 3317 2084 3342 τ.
2103 3316 2140 3342 ο.
2158 3304 2194 3342 ὑ.
2227 3304 2510 3354 casaubonus3
2525 3302 2760 3352 κατάπληξιν
2779 3305 2922 3358 δ”-ἔχον
2943 3323 2951 3346 x

1619 3360 1736 3400 ἰδόντι
1750 3361 1819 3407 τὴν
1835 3362 1932 3408 ete„
1946 3360 2105 3401 Jacobs.
2121 3361 2161 3400 in
2175 3362 2376 3412 Boettigeri
2390 3362 2560 3402 Amaltb.
2572 3363 2711 3404 careri
2726 3363 2922 3409 ahumai·
2939 3403 2943 3406 .

1619 3417 1695 3457 bus
1723 3426 1840 3468 posse
1850 3447 1862 3468 ,
1878 3418 2098 3468 praesertim
2119 3418 2160 3458 in
2175 3421 2365 3470 excerpto
2383 3422 2544 3472 nostro,
2568 3422 2706 3463 monet
2722 3423 2920 3463 osannae.

1619 3498 1672 3504 —
1685 3475 1906 3528 βέλτιστον]
1920 3476 2200 3528 ἀνυπέρὸλητον
2214 3477 2420 3528 proposuit
2438 3478 2598 3534 Jacob&
2615 3502 2668 3514 —-
2682 3477 2814 3530 χόρτοι
2826 3491 2937 3520 min

1620 3532 1811 3584 τοθαλεῖς]
1830 3542 1920 3574 meo
1941 3533 2303 3585 periculoscripsh
2323 3534 2454 3574 codex
2475 3551 2487 3575 ε
2508 3534 2634 3586 ἑορταὶ
2652 3535 2920 3586 namuh

1621 3592 1664 3631 at
1698 3590 1831 3642 inepta
1851 3591 1893 3631 h.
1927 3591 1955 3631 l.
1982 3591 2134 3632 mentio
2161 3591 2354 3633 festorum
2392 3592 2743 3648 philophosorum,
2768 3593 2921 3639 etiamsi

1623 3649 1740 3688 fuisse
1770 3649 1984 3699 putaveris.
2017 3648 2135 3696 Quod
2171 3652 2273 3690 unus
2308 3650 2483 3691 sentiens
2511 3650 2771 3692 casaubonus
2801 3650 2931 3703 rerba

1622 3708 1826 3757 transponi
1840 3707 1970 3747 voluit
1986 3707 2094 3747 hunc
2110 3708 2150 3747 in
2166 3707 2357 3748 modum:
2376 3708 2503 3760 ἑορταὶ
2518 3707 2783 3758 παντοδαπή,

1625 3763 1858 3814 ἀνάπαυσις,
1877 3765 2092 3816 φιλοσόφων
2110 3766 2367 3806 παντοδαπῶν
2383 3766 2523 3817 σχολαὶ
2536 3765 2700 3814 πολλαὶ,Ι
2725 3765 2809 3807 θέω
2833 3796 2836 3799 -
2861 3787 2866 3795 ⁴
2885 3776 2889 3777 ⁷
2915 3766 2933 3819 {⁸

1627 3824 1739 3872 εχεῖς.
1770 3824 1955 3862 Attamen
1986 3823 2312 3873 philosophorum
2333 3824 2482 3864 mentio
2510 3823 2580 3863 vix
2601 3821 2820 3879 separanda

1628 3879 1680 3918 ab
1695 3874 2078 3919 commemoratione
2096 3881 2316 3921 Academiae
2328 3910 2340 3930 ,
2362 3881 2503 3931 Lycei,
2519 3879 2771 3932 Cynosargss.
2791 3882 2875 3923 Ver
2886 3883 2938 3944 ι)

1610 3937 1753 3987 ,ψυχῆς
1769 3936 1837 3977 ἀπ.
1854 3938 1921 3976 καὶ
1949 3938 2010 3978 ἀν.
2028 3938 2258 3978 Holstenius
2274 3938 2479 3989 transponi
2502 3937 2630 3978 voluit
2647 3941 2739 3989 post
2754 3936 2837 3979 065⁸
2856 3942 2930 3979 σεῖ’

1629 3992 1698 4033 ubi
1717 3997 1811 4033 sane
1826 3994 1980 4044 aptiora
2000 3994 2140 4035 forent.
2168 4020 2219 4028 —
2245 3995 2503 4047 ἀναπαύσεις]
2528 3997 2683 4045 Marx.;
2710 3994 2906 4052 ἀνάπαυῃ,

1629 4049 1776 4100 codex,
1794 4050 1863 4090 sed
1878 4061 1975 4090 mox
1995 4051 2242 4098 ἀναπαύσεις.

1682 4113 1719 4147 2.
1750 4108 1830 4148 ἀλλ’
1847 4111 1872 4156 ἠ
1887 4112 1963 4148 τῶν
1980 4108 2116 4160 ξένων]
2132 4109 2265 4159 editt,
2283 4110 2411 4155 ξεινῶν
2429 4110 2571 4151 codex.
2589 4113 2690 4158 Qnoe
2702 4103 2857 4162 seq'tmn
2873 4133 2878 4140 ·
