3016 4628
181 290 206 328 4
1227 278 1483 328 CADMUS
1519 276 1826 328 MILESIUS.

172 395 325 438 storiis
355 395 541 450 Atticis,
588 409 690 453 quae
745 394 897 439 eidem
940 395 1120 438 auctori
1157 396 1468 438 ascribuntur.

172 469 326 524 Quare
343 468 430 511 nisi
448 468 685 526 putaveris
702 467 856 511 Attica
873 482 1064 526 quoque
1084 467 1345 526 argumenti
1365 480 1476 509 cro—

171 541 254 587 tici
271 539 431 596 fuisse,
454 548 508 583 ut
530 540 731 584 aliorum
748 539 1016 595 Rhodiaca,
1039 540 1295 595 Milesiaca‚
1321 538 1474 596 Baby-

174 613 354 657 loniaca
371 622 482 669 etc„
495 613 718 672 proclivis
730 611 999 670 conjectura
1016 621 1104 667 est,
1123 627 1214 671 pro
1233 607 1368 656 Λύσιν
1382 620 1468 654 etc.

171 687 286 729 olim
313 685 447 730 fuisse
478 683 633 732 Κτίσιν
674 685 856 730 ἷωνικῶν
895 682 946 746 (*)
983 681 1150 729 πόλεων
1176 685 1219 729 ἓν
1259 680 1375 745 βιὸλ.
1418 681 1472 744 δ’,

172 758 378 817 ideoque
398 758 590 803 Suidam
624 767 899 817 corruptum
936 758 1123 801 titulum
1150 771 1329 816 ponere
1355 755 1472 813 ejus-

173 831 283 875 dem
303 833 480 891 operis,
512 831 644 890 quod
664 846 879 891 perverse
900 829 1094 874 dederat
1106 829 1359 873 Pandionis
1373 827 1471 871 filio

176 901 269 966 θ’),
294 905 471 964 Orphei
490 914 742 948 coaetaneo.
765 901 859 948 Sed
873 902 931 947 de
948 903 1019 946 his
1034 901 1224 946 fortasse
1238 902 1372 946 aliter
1390 910 1474 946 sta·

173 978 240 1020 tui
257 978 416 1036 possit.
543 1015 563 1028 ,

240 1047 531 1094 Moncndum
554 1050 678 1093 enim
699 1058 766 1093 cst
783 1048 840 1092 de
862 1048 1017 1091 verbis
1037 1063 1047 1090 :
1070 1042 1196 1098 Τινὲς
1222 1044 1266 1092 δὲ
1291 1044 1473 1093 Λυκῖνον

174 1120 356 1182 Κάδμον
383 1119 646 1184 ἀνέγραψαν.
675 1121 885 1166 Eudocia
913 1121 1056 1164 habet
1085 1118 1160 1165 καὶ
1189 1121 1373 1166 Λυκῖνον
1398 1116 1473 1163 καὶ

161 1193 377 1255 ’Κάδμονς
403 1204 508 1239 ante
527 1191 706 1254 Κάδμον
728 1194 958 1252 particula
977 1190 1051 1237 καὶ
1076 1202 1142 1236 est
1164 1194 1302 1237 etiam
1326 1193 1375 1236 in
1393 1191 1470 1236 ed.

173 1268 367 1311 Mediol.
403 1267 546 1328 (Hinc
583 1266 898 1311 Bernhardius
922 1265 1053 1310 dedit
1077 1281 1088 1309 :
1113 1267 1167 1310 T.
1193 1261 1237 1310 δὲ
1261 1262 1336 1310 καὶ
1358 1266 1469 1312 Λυκ.

175 1363 356 1426 Κάδμον
392 1362 531 1428 ἔγρ.);
569 1364 677 1408 cod.
712 1366 788 1409 V:
824 1363 1018 1408 λυκκῖνον
1050 1348 1248 1425 Κάδμὲν.
1283 1364 1474 1410 Subesse

173 1438 463 1484 Bernhardio
493 1437 682 1481 videtur
716 1452 728 1480 ε
756 1433 864 1488 τινὲς
894 1432 938 1481 δὲ
963 1433 1151 1482 Λυκίνου
1177 1433 1358 1498 Κάδμον
1381 1433 1473 1481 νέον

175 1512 292 1574 (sive
310 1508 541 1573 νεώτερον)
561 1506 827 1572 ἀνέγραψαν.
849 1511 1077 1554 Kiisterus
1095 1525 1186 1569 pro
1210 1511 1391 1561 Λυκῖνον
1411 1510 1473 1554 le·

174 1585 379 1646 gendum
405 1584 656 1644 proposuit
679 1579 855 1628 Λύκιον.
893 1580 996 1643 (**⁴‘)
1022 1585 1088 1627 Ac
1119 1597 1226 1627 sane
1248 1583 1472 1641 patriam,

173 1674 272 1702 non
283 1673 397 1702 vero
410 1666 592 1717 patrem
608 1655 807 1700 indicari
819 1656 966 1699 literae
983 1656 1246 1715 superstites
1256 1663 1471 1715 arguunt.

174 1731 426 1775 Lenissima
441 1730 699 1805 mutatione
717 1728 857 1773 scribi
872 1728 1047 1787 possit:
1080 1728 1138 1774 T.
1169 1725 1206 1772 δ’
1229 1724 1475 1773 Ἐλευσῖνον

228 1882 279 1933 (*)
297 1881 463 1931 Propius
478 1880 526 1920 ad
545 1880 688 1920 ductus
701 1879 907 1918 literarum
920 1878 1124 1918 accederet
1133 1877 1172 1918 ‘si
1188 1877 1276 1928 quis
1291 1888 1363 1927 pro
1379 1877 1476 1928 ἐρω-

176 1945 293 1979 τικῶν
314 1940 430 1980 scribi
451 1939 573 1979 vellet
589 1942 792 1989 κρητικῶν.
812 1937 920 1978 idem
940 1937 1083 1977 deinde
1102 1936 1209 1988 apud
1223 1935 1386 1976 Suidam
1406 1946 1477 1985 pro

177 2002 343 2037 Λυκῖνον
365 1999 573 2048 reponeret
600 1997 784 2037 Λύκτιον.

230 2057 302 2107 (**)
333 2055 543 2096 Pandionis
578 2055 702 2106 patris
734 2065 882 2093 nomen
919 2053 1184 2093 clarissimum
1225 2052 1367 2092 fictum
1394 2063 1478 2092 esse

175 2115 258 2164 jam
275 2115 431 2153 monuit
448 2114 684 2155 Welckerus
698 2113 739 2152 in
762 2111 943 2153 Seebodii
959 2112 1111 2152 Archiv
1132 2116 1245 2161 1830,
1270 2123 1310 2161 p.
1333 2116 1398 2152 70.

232 2174 333 2222 (***)
362 2172 522 2212 Kusteri
553 2171 825 2221 conjecturam
859 2171 891 2210 si
913 2170 1157 2220 probaveris,
1192 2169 1323 2220 putari
1355 2168 1478 2220 possit

180 2230 341 2270 Snidam
361 2230 520 2281 Κάδμον
536 2231 695 2279 Λύκιον,
712 2229 739 2269 i.
760 2240 796 2270 e.
818 2228 903 2280 ὄρος
918 2229 1065 2274 Λυκίας
1084 2228 1125 2268 in
1141 2228 1270 2279 Lyciae
1286 2229 1327 2268 et
1351 2228 1476 2277 Phry-

1562 391 1758 454 Κάδμον.
1788 394 2022 440 Eleusinio
2049 403 2274 454 praeterea
2303 393 2420 440 hene
2444 397 2750 441 convenirent
2772 394 2858 442 Hi-

1558 467 1711 511 storiae
1733 468 1896 511 Atticae
1916 465 2010 528 (Cf.
2037 468 2277 512 Atthidem
2299 470 2620 528 Melesagorae,
2643 471 2725 528 qui
2748 471 2859 514 item

1560 539 1818 583 Eleusinius
1829 554 1855 583 a
1866 539 2104 583 nonnullis
2119 536 2392 602 dicebatur).
2414 540 2505 584 Sed
2519 539 2858 584 dubitationem

1556 620 1750 655 movent
1760 612 1999 670 particulae
2009 608 2082 656 καὶ
2091 626 2166 671 ap.
2179 612 2437 657 Eudociam
2450 613 2558 656 etin
2571 612 2683 656 edit.
2703 610 2830 656 Med.
2844 647 2858 669 ‚

1558 691 1698 743 atque
1721 701 1743 729 0
1768 699 1908 744 supra
1926 685 2150 744 scriptum
2172 685 2222 728 in
2244 685 2352 730 cod.
2380 687 2436 730 V.
2474 687 2545 729 Ex
2580 686 2860 745 comparatis

1553 782 1834 826 lectionibus
1853 778 1926 827 καὶ
1948 766 2127 842 Κάδμὲν
2142 792 2188 827 et
2206 779 2403 842 Κάδμον,
2420 783 2596 826 erueris
2610 778 2685 826 καὶ
2712 781 2857 838 Κῶον,

1553 855 1648 899 sive
1669 855 1706 898 is
1727 855 1926 899 Cadmus
1941 854 2082 899 fuerit
2099 870 2157 899 ex
2176 854 2423 899 Herodoto
2449 863 2586 897 notus
2604 854 2698 897 sive
2722 853 2858 900 alius.

1556 927 1625 970 Ex
1657 927 1718 973 K.
1748 926 1947 973 ΛΥκῒνον
1971 928 2047 971 vel
2070 943 2128 971 ex
2151 926 2396 973 ΛΥΚκῖνον
2428 927 2540 969 item
2568 926 2734 984 aliquis
2767 926 2857 979 eli-‚-

1554 1000 1644 1044 ciat
1677 998 1788 1045 ΚΑΙ.
1813 1000 1955 1061 Κῷον,
1986 1008 2125 1058 atque
2153 999 2391 1058 duplicem
2424 997 2630 1056 ejusdem
2654 998 2858 1042 nominis

1552 1073 1838 1116 mentionem
1864 1087 1888 1116 e
1921 1080 2033 1116 nota
2062 1071 2307 1132 marginali
2340 1073 2391 1114 in
2417 1078 2598 1114 textum
2626 1071 2861 1130 irrepsisse

1551 1152 1733 1189 statuat.
1757 1142 1851 1189 Sed
1868 1145 1960 1188 hoc
1984 1139 2251 1188 violentius.
2272 1144 2423 1203 Igitur
2453 1143 2716 1202 scripserim
2733 1139 2860 1194 Τινὲς

1553 1213 1598 1262 δὲ
1612 1214 1688 1262 καὶ
1706 1215 1955 1264 Ἐλευσῑνον
1971 1214 2045 1260 καὶ
2066 1217 2188 1262 Κῶον
2204 1212 2468 1277 ἀνέγραψαν.
2483 1217 2604 1259 Tum
2621 1214 2861 1258 Eleusinio

1554 1289 1800 1333 tribuerim
1815 1289 1991 1333 Atticas
2014 1288 2244 1332 historias.
2266 1287 2442 1332 Cadmo
2455 1297 2610 1331 autem
2631 1301 2687 1331 ex
2703 1286 2860 1331 Ascle·

1551 1362 1798 1421 piadarum
1822 1362 1972 1405 insula
1992 1359 2198 1404 oriundo
2227 1360 2424 1404 alterum
2450 1375 2568 1419 opus
2592 1358 2861 1403 vindicave-

1552 1435 1668 1495 rim,
1695 1434 1827 1494 quod
1851 1433 2016 1479 Suidas
2040 1433 2253 1477 nominat
2276 1427 2434 1483 Λύσεις
2461 1429 2618 1492 (ἰάσεις
2635 1430 2675 1491 ἒ)
2709 1431 2860 1494 ἐρωτι-
2882 1447 2886 1451 ·

1554 1507 1640 1552 κῶν
1686 1505 1962 1570 (πυρωτικῶν
1978 1504 2011 1567 Ρ)
2037 1505 2210 1561 παθῶν,
2239 1504 2465 1563 quodque
2499 1503 2560 1548 ad
2591 1512 2739 1548 artem
2759 1519 2861 1548 me-

1555 1579 1708 1623 dicam
1736 1579 2011 1638 pertinuisse
2048 1576 2317 1636 conjeceris.
2351 1577 2580 1622 Cadmum
2610 1577 2738 1620 hunc
2765 1572 2859 1621 esse

1554 1653 1688 1695 illum
1703 1651 1938 1696 Herodoti
1956 1651 2147 1695 minime
2161 1649 2414 1705 contendo,
2435 1650 2518 1693 etsi
2529 1648 2860 1708 Hippolochus

1556 1739 1772 1784 quoque,
1813 1739 1922 1768 cum
1955 1739 2050 1782 quo
2073 1722 2274 1768 Cadmus
2293 1722 2502 1767 Coorum
2541 1722 2726 1765 civitate
2765 1720 2855 1765 ali-

1557 1805 1785 1855 quantum
1803 1796 2037 1856 praefuisse
2057 1795 2231 1840 dicitur
2260 1794 2271 1854 (
2289 1795 2337 1838 in
2355 1795 2633 1854 Hippocrat.
2660 1795 2749 1853 Ep.
2773 1792 2854 1854 7),

1555 1878 1655 1913 erat
1682 1868 1955 1929 Asclepiada
1985 1865 2056 1930 (Ἴ.
2087 1869 2149 1913 At
2185 1868 2293 1912 satis
2334 1875 2425 1924 est,
2468 1867 2658 1926 opinor,
2697 1863 2859 1923 conje-

1556 1951 1814 1988 cturarum.

1554 2055 1629 2106 giae
1645 2055 1840 2104 confiniis,
1870 2064 1991 2104 quem
2011 2053 2052 2092 in
2085 2049 2240 2093 Lexicis
2258 2054 2476 2093 ‘auctorum
2491 2063 2656 2093 suorum
2673 2051 2856 2091 notatum

1554 2113 1763 2162 invenerit,
1790 2113 1921 2151 virum
1946 2122 2030 2151 esse
2045 2111 2257 2150 censuisse.

1608 2171 1659 2220 (*)
1688 2171 1976 2217 Epicharmum
1991 2180 2153 2219 quoque
2168 2170 2344 2220 poetam,
2364 2169 2543 2218 quicum
2563 2165 2718 2209 cadmo
2737 2166 2779 2206 in
2794 2165 2856 2207 Si-

1555 2228 1689 2269 ciliam
1704 2228 1932 2279 transjecit,
1953 2227 2155 2268 medicum
2172 2227 2293 2267 fuisse
2311 2226 2483 2266 constat.
