3016 4628
35 0 83 162 ξ

33 215 98 332 ἓ

33 121 47 151 1·

46 380 200 455 ξίνήσῳ
234 387 261 445 ἢ
291 385 450 450 νόσῳῆ
488 405 548 432 τω
571 404 654 431 των
695 383 848 431 ἁλιέων
877 383 1118 446 αἰνίγματι,
1142 385 1214 431 καὶ
1250 387 1366 431 αὐτῶ

67 462 368 530 ἰπιγραφηναι
387 458 509 506 τόδε·

185 552 340 593 Ἐνθάδε
351 553 420 598 τὴν
440 552 542 602 ἱερὴν
556 550 720 598 κεφαλὴν
739 548 842 587 κατὰ
855 552 947 598 γαῖα
962 549 1146 588 καλύπτει

60 624 86 671 ἰ,
183 613 327 663 ἀνδρῶν
343 611 481 661 ἡρώων
501 609 724 659 κοσμήτορα
739 609 841 646 θεῖον
861 607 1050 658 ”Ομηρον.
1404 592 1410 631 l

61 686 80 734 Γ.
146 683 389 732 GelliusN.
418 686 475 728 Α.
502 684 596 738 ΙΙΙ,
626 697 643 725 1
659 697 677 724 1
709 682 1014 724 :Ari.s-totele.s·
1053 683 1197 725 tradit
1217 697 1277 725 (τι)
1298 689 1367 724 in-

80 758 184 811 sula
205 758 260 800 10
280 754 464 799 natum‘
453 779 465 813 ι
482 756 744 798 Homerum
767 751 800 811 ).
830 750 903 798 Cf.
931 753 1112 795 Tzetzes
1134 753 1279 796 schol.
1309 753 1369 797 ad

29 770 220 912 ἵΕΧες.
245 829 301 872 ll.
317 844 369 888 p.
398 827 486 881 154
512 826 590 873 ed.
616 827 775 870 Herm.

146 900 264 960 Cod.
291 900 481 944 Parisin.
501 897 592 942 553
631 898 688 956 (a
714 896 962 941 Welckero
988 898 1036 939 in
1056 897 1181 955 Cycl.
1204 912 1251 955 p.
1281 895 1389 953 158,

29 966 366 1038 laudatus)
390 966 518 1017 Κατὰ
542 965 586 1014 δὲ
608 966 884 1030 Βακχυλίδην
898 966 972 1013 καὶ
988 966 1281 1031 Ἀριστοτέλην
1299 966 1369 1012 τὸν

28 1022 308 1124 {waldo-epm
332 1039 474 1099 Ἰήτης
501 1041 761 1102 <Homerus
788 1050 886 1085 erat
910 1040 945 1101 ).
968 1043 1039 1086 De
1065 1042 1136 1085 his
1165 1057 1210 1084 v.
1235 1043 1294 1085 W
1299 1042 1368 1085 el-

29 1117 210 1218 {tehen
234 1116 325 1161 1.1.
349 1131 396 1175 p.
420 1113 507 1172 157
534 1130 636 1173 sqq.
671 1113 777 1171 167.

670 1203 782 1261 275.

143 1307 342 1355 Proclus
361 1308 616 1353 Chrestom.
640 1322 716 1366 ap.
741 1304 883 1352 Phot.
905 1304 1011 1349 cod.
1035 1305 1128 1366 239
1150 1322 1160 1349 ι
1186 1306 1370 1368 Εὑρεθῆ-

80 1398 152 1426 ναι
173 1377 218 1426 δὲ
234 1377 306 1427 τὸν
321 1377 580 1443 διθύραμὸον
604 1376 817 1441 Πίνδαρος
839 1378 880 1423 ἐν
907 1376 1103 1442 Κορίνθῳ
1128 1374 1271 1439 λέγει,
1296 1375 1368 1423 τὸν

71 1451 128 1498 ’δὲ
149 1449 382 1517 ἀρξάμενον
406 1454 482 1508 τῆς
502 1451 614 1516 ᾠδῆς
636 1447 928 1514 Ἀριστοτέλης
954 1448 994 1495 Ἀ
1004 1448 1133 1514 ρι’ωνα
1158 1448 1294 1512 λέγει·
1322 1447 1365 1502 ὃς

28 1547 40 1559 ··
80 1527 248 1589 πρῶτος
277 1523 348 1571 τὸν
375 1522 546 1570 κύκλιον
571 1522 708 1585 ἤγαγε
731 1521 874 1587 χορόν.
900 1523 967 1568 Cf.
991 1524 1136 1571 schol.
1176 1523 1364 1567 Pindar.

69 1599 155 1644 ‘01.
181 1596 414 1653 x111‚25.

29 1431 31 1441 -
29 1360 42 1407 (οπ
33 1311 43 1334 Α-
28 1228 45 1297 '’ff-¹

71 1730 74 1735 ι
664 1673 776 1730 276.

144 1741 376 1814 Diogenes
397 1756 452 1799 L.
472 1754 601 1807 VIII,
633 1750 688 1808 57
716 1767 727 1795 :
756 1748 1051 1813 Ἀριστοτέλης
1065 1747 1108 1794 δὲ
1133 1751 1176 1795 ἐν
1198 1751 1259 1813 τῷ
1282 1751 1369 1796 Σο-

81 1828 210 1890 φιστῇ
245 1823 350 1887 φησὶ
394 1825 562 1887 πρῶτον
597 1821 899 1884 Ἐμπεδοκλέα
939 1819 1164 1886 ῥητορικὴν
1205 1825 1366 1885 ευρεῖν·
1405 1839 1408 1848 ¹

28 1907 54 1983 ⁴35*ss
81 1895 261 1955 Ζήνωνα
281 1894 326 1942 δὲ
345 1895 631 1951 διαλεκτικην·
663 1895 706 1940 ἐν
730 1891 774 1939 δὲ
795 1897 857 1959 τῷ
879 1892 990 1958 Περὶ
1031 1913 1219 1955 ποιητων
1240 1914 1368 1986 φησιν

29 1967 144 2061 ”·ιῑὸτι
167 1968 240 2017 καὶ
268 1966 507 2031 Ὁμηρικὸς
530 1969 553 2012 6
576 1943 882 2028 Ἐμπεδοκλῆς
904 1965 979 2013 καὶ
1005 1966 1135 2020 δεινὸς
1157 1967 1256 2030 περι
1291 1966 1368 2024 τὴν

27 2062 51 2106 {i
37 2040 235 2107 ’φράσιν
262 2039 435 2104 γέγονε,
457 2037 746 2130 μεταφορικός
770 2058 814 2085 τε
840 2058 899 2085 ων
923 2039 1106 2092 καὶτοῖς
1121 2038 1266 2092 ἀλλοις
1284 2046 1371 2093 τοῖς

28 2115 177 2181 ,ιπερὶ
198 2111 426 2170 ποιητικὴν
451 2109 737 2174 ἐπιτεύγμασι
762 2111 998 2175 χρώμενος.
1021 2114 1091 2159 Cf.
1120 2115 1179 2159 de
1199 2117 1370 2174 Empe—

55 2187 216 2252 docle
228 2187 516 2248 Agrigentin.
528 2188 669 2245 Resp.
686 2191 742 2230 fr.
767 2191 875 2238 214.
899 2186 1010 2230 215.

674 2280 786 2322 277.

101 2345 105 2349 ’
143 2344 367 2404 Diogenis
388 2345 445 2388 L.
465 2344 554 2399 ΙΙΙ,
572 2341 634 2396 48
653 2358 664 2387 :
697 2340 933 2403 Διαλόγους
956 2341 1095 2389 τοίνυν
1115 2341 1220 2408 φασὶ
1244 2345 1364 2405 πρῶ-

78 2430 150 2461 τον
175 2412 341 2478 γράψαι
361 2411 542 2469 Ζήνωνα
561 2411 633 2458 τὸν
671 2411 900 2470 Ἐλεάτην,
933 2412 1227 2478 Ἀριστοτέλης
1260 2411 1303 2459 δὲ
1327 2415 1369 2458 ἐν

39 2485 238 2552 ’ῥ’πρώτῳ
259 2485 371 2550 Περὶ
395 2487 584 2543 ποιητῶν
609 2483 888 2546 Ἀλεξαμενὸν
913 2484 1128 2550 Στορέαιῆ
1153 2485 1302 2542 Τήιον.

63 2555 65 2557 ξ
145 2559 393 2605 Athenaeus
414 2561 507 2615 XI,
534 2576 586 2619 p.
614 2558 731 2616 505,
755 2560 820 2604 C·
859 2557 1152 2622 Ἀριστοτέλης
1174 2558 1255 2605 δὲ’
1237 2577 1280 2605 εν
1308 2579 1370 2606 τω

36 2646 37 2649 ’
84 2630 192 2695 Περὶ
213 2650 402 2689 ποιητων
422 2628 554 2682 ούτως
578 2628 756 2695 γράφει·
781 2652 800 2671 ‹
827 2631 995 2692 Οὐκοῦν
1021 2629 1115 2677 οὐδὲ
1118 2629 1371 2714 ἐμμέτρους

7 2765 9 2767 ι
79 2701 176 2755 τους
204 2701 490 2764 καλουμένους
526 2700 757 2766 Σώφρονος
786 2701 942 2763 μίμους
980 2701 1040 2763 μὴ
1084 2721 1229 2767 φωμεν
1264 2707 1372 2749 εἰναι

41 2773 227 2839 ’,λόγους
239 2774 312 2821 καὶ
332 2773 589 2837 μιμήσεις,ἢ
611 2793 706 2827 τους
726 2773 1002 2836 Ἀλεξαμενοῦ
1028 2779 1102 2821 τοῦ
1121 2774 1258 2832 Ἰηίου
1276 2775 1371 2828 τους

37 2844 42 2881 Ῐ
78 2846 272 2912 πρώτους
288 2846 526 2912 γραφέντας
541 2849 626 2894 τῶν
649 2848 939 2910 Σωκρατικῶν
970 2846 1180 2909 διαλόγων
1195 2884 1208 2908 ,

81 2938 224 2984 τικρυς
263 2919 438 2984 φάσκων
478 2922 501 2966 6
539 2918 919 2981 πολυμαθέστατος
953 2919 1251 2982 Ἀριστοτέλης
1288 2920 1372 2985 πρὸ

25 2996 74 3068 '2
87 2991 319 3054 Πλάτωνος
340 2991 566 3055 διαλόγους
581 2991 842 3056 γεγραφέναι
863 2991 934 3038 τὸν
959 2991 1257 3054 Ἀλεξαμενόν,

1243 2870 1262 2889 1»
1293 2847 1372 2894 ἄν-

46 3111 171 3186 ,ζζειιιιι
197 3129 404 3180 magnifice
429 3129 716 3180 sepeliverunt,
752 3130 828 3169 hac
854 3130 990 3170 addita
1014 3132 1196 3181 sepulcro
1231 3131 1368 3171 inscri-

33 3186 212 3252 y'fptione
229 3207 240 3233 ε

31 3250 82 3324 ’ξι
165 3279 276 3312 Terra
291 3285 441 3313 sacrum
457 3279 571 3322 caput
585 3276 645 3312 hic
661 3277 778 3312 divini
794 3278 958 3314 occultat
974 3279 1123 3315 Homeri

0 3355 2 3364 .
28 3330 65 3395 33⁶-
171 3336 335 3369 Heroum
351 3334 516 3378 egregias
532 3333 595 3378 qui
610 3333 703 3369 dixit
720 3334 884 3370 carmine
901 3334 1039 3370 laudes.

26 3400 84 3490 '421
670 3419 775 3458 276.

26 3496 66 3565 ιιξ
75 3541 79 3548 ,
134 3499 383 3540 Aristoteles
374 3510 414 3538 m
430 3498 611 3549 Sophista
627 3499 801 3548 primum
816 3498 1095 3548 Empedoclem
1107 3500 1290 3539 oratoriae
1308 3500 1368 3538 in-

50 3566 285 3622 pleniorem
299 3563 367 3610 ait,
378 3565 655 3612 Zenonemque
663 3562 917 3610 dialecticam*
908 3573 947 3600 m
958 3562 1055 3601 libro
1071 3565 1204 3601 autem
1217 3566 1271 3602 De
1281 3574 1369 3613 poe-

85 3626 135 3667 tis
153 3627 290 3667 asserit
300 3626 554 3667 Homericum
573 3626 869 3675 Empedoclem,
886 3628 1128 3675 acutumque
1149 3626 1187 3664 in
1203 3626 1369 3666 dicendo

43 3685 222 3760 fQisse,
240 3691 562 3734 translationibus
577 3691 672 3730 item
688 3702 734 3730 ae
750 3691 891 3730 ceteris
908 3691 1070 3740 poeticis
1085 3691 1219 3741 figmis
1239 3703 1367 3731 usum.

74 3763 82 3772 “
673 3768 777 3807 277.

49 3855 65 3882 ‘2v
135 3844 317 3895 Dialogus
344 3844 518 3894 primum
546 3843 746 3893 scripsisse
771 3844 883 3883 aiunt
913 3847 1111 3883 Zenonem
1144 3844 1323 3882 Eleatam
1354 3860 1362 3883 ε

35 3918 75 3967 3
86 3907 312 3958 Aristoteles
337 3918 432 3947 vero
457 3907 559 3946 libro
586 3906 714 3957 primo
735 3910 794 3947 De
821 3907 945 3957 poetis
964 3907 1253 3946 Alexamenum
1279 3910 1367 3946 Sto·

51 3973 238 4019 {rensem
257 3971 320 4011 vel
339 3970 479 4010 Teium
499 3970 571 4009 ait.

135 4036 386 4076 Aristoteles
375 4047 416 4075 m
434 4035 537 4074 libro
553 4038 610 4075 De
629 4035 755 4086 poetis
769 4035 940 4075 scribit:
967 4036 1135 4085 «igitur
1161 4047 1211 4074 ne
1235 4036 1371 4075 metris

24 4062 246 4167 Quidem
261 4100 563 4150 comprehensos
592 4100 810 4150 Sophronis
834 4101 975 4140 mimos
997 4101 1067 4150 qui
1087 4102 1295 4149 vocantur,
1314 4100 1368 4138 di

28 4146 220 4225 {Qoemus
238 4175 322 4204 esse
347 4173 570 4211 sermones,
600 4164 686 4203 sive
715 4163 890 4214 dialogos
932 4169 974 4203 et
1003 4164 1261 4210 imitationes,
1299 4166 1370 4202 aut

57 4227 315 4268 Αῑεκιιιιιθιιί
344 4227 426 4268 Teii
457 4226 654 4277 dialogos,
682 4228 751 4277 qui
783 4230 874 4267 ante
907 4228 1129 4267 Socraticos
1156 4227 1366 4276 conscripti

54 4460 90 4503 *³*
59 4348 79 4434 -ui-r
53 4307 67 4322 ‘-

1136 277 1218 326 DE
1255 279 1333 327 ΡΟ
1341 279 1489 327 ETIS.

2641 296 2724 334 187

1818 438 1824 444 ι
2024 393 2136 447 278.

1811 498 1841 539 ii
1877 499 2059 543 LIBRO
2092 502 2380 546 SEciJMu).

1509 595 1714 638 Macrob.
1737 597 1788 649 V,
1820 595 1874 637 18
1901 609 1912 640 ζ
1935 616 1951 632 α
1972 597 2149 641 Morem
2168 614 2280 641 vcro
2306 602 2470 643 AEtolis
2490 603 2620 646 fuisse
2639 620 2732 647 uuo

1445 667 1770 711 tantummodo
1810 668 1930 726 pede
1961 670 2163 713 calceato
2200 672 2245 713 in
2288 672 2457 715 bellum
2485 675 2549 716 ire
2574 685 2724 719 osten-

1445 740 1514 783 dit
1539 740 1811 783 clarissimus
1831 742 2032 799 scriptor
2055 744 2302 802 Euripides
2321 747 2518 802 tragicus
2540 762 2549 788 :
2572 748 2617 789 in
2643 764 2729 791 eu-

1437 812 1511 870 jus
1552 812 1778 871 tragoedia
1813 828 1913 870 quae
1948 815 2178 873 Meleager
2214 816 2495 869 inscribitur,
2540 821 2735 862 nuncius

1444 884 1681 927 inducitur
1703 883 1967 927 describens
2003 900 2098 942 quo
2121 886 2316 943 quisque
2339 886 2501 929 habitu
2521 886 2658 931 fuerit
2678 907 2730 934 ex

1446 955 1669 1011 ducibus,
1701 957 1782 1014 qui
1818 956 1877 999 ad
1905 971 2068 1015 aprum
2087 956 2366 1015 capiendum
2403 969 2729 1003 convenerant.

1444 1029 1499 1070 In
1523 1043 1579 1070 eo
1599 1028 1647 1070 hi
1683 1042 1839 1071 versus
1871 1038 1975 1072 sunt
2001 1045 2010 1072 :
2042 1029 2125 1088 (V.
2149 1029 2314 1088 fragm.
2351 1030 2514 1087 Eurip.
2559 1028 2645 1073 531
2669 1029 2734 1089 )..

1444 1101 1551 1143 Non
1570 1100 1867 1144 reticebimus
1889 1116 1988 1144 rem
2010 1101 2295 1159 paucissimis
2322 1110 2482 1144 notam
2525 1117 2534 1143 ε
2575 1117 2733 1160 reprc-

1443 1173 1637 1215 hensum
1657 1173 1930 1231 Euripidem
1946 1173 2004 1217 ab
2025 1174 2296 1228 Aristotele,
2324 1174 2404 1232 qui
2426 1175 2731 1232 ignorantiam

1445 1244 1568 1287 istud
1592 1243 1828 1303 Euripidis
1849 1245 1982 1288 fuisse
2005 1245 2275 1288 contendit:
2296 1246 2479 1288 AEtolos
2500 1247 2620 1288 enim
2640 1262 2735 1289 non

1444 1318 1607 1360 laevum
1624 1316 1794 1375 pedem
1812 1316 1988 1361 habere
2013 1317 2215 1372 nudum,
2240 1318 2321 1361 sed
2340 1317 2570 1363 dextrum.
2599 1319 2733 1374 Quod

1443 1404 1502 1432 ne
1519 1387 1744 1432 affirmem
1770 1389 1926 1446 potius
1943 1404 2082 1447 quam
2105 1390 2323 1448 probem,
2366 1391 2466 1448 ipsa
2483 1391 2738 1434 Aristotelis

1444 1454 1584 1497 verba
1597 1463 1771 1512 ponam
1785 1469 1840 1498 ex
1860 1455 1980 1498 libro
1999 1470 2136 1513 quem
2150 1458 2220 1499 De
2239 1455 2388 1515 poetis
2405 1455 2609 1498 secundo
2629 1456 2734 1498 sub·

1442 1527 1636 1584 scripsit.
1663 1528 1720 1569 In
1733 1541 1827 1584 quo
1850 1526 1909 1571 de
1934 1527 2157 1586 Euripide
2187 1529 2384 1586 loquens
2405 1529 2466 1571 sie
2489 1529 2551 1570 ait
2579 1544 2588 1570 :

1509 1595 1620 1650 Τοὺς
1637 1595 1680 1642 δὲ
1698 1595 1883 1665 Θεστίου
1903 1596 2078 1662 κούρους
2095 1597 2166 1644 τὸν
2181 1596 2258 1659 μὲν
2285 1597 2509 1662 ἀριστερὸν
2530 1597 2641 1644 πόδα
2656 1617 2736 1659 φη-

1443 1667 1510 1715 σὶν
1535 1669 1772 1733 Εὐριπίδης
1784 1669 1918 1715 ἐλθεῖν
1936 1667 2110 1733 ἔχοντας
2128 1669 2399 1718 ἅνυπόδετον·
2414 1670 2528 1733 λέγει
2548 1675 2646 1733 γοῦν
2672 1671 2735 1716 ὅτι

1548 1777 1637 1816 ...τὸ
1659 1777 1767 1816 λαιὸν
1782 1777 1888 1827 ἶχνος
1906 1777 1919 1827 (
1937 1777 2063 1828 ἦσαν)
2090 1778 2293 1829 ἀνάρῧυλοι
2312 1779 2445 1827 ποδὸς,

1544 1836 1609 1874 τὸν
1632 1836 1664 1874 δ’
1690 1836 1727 1874 ἐν
1741 1836 1906 1880 πεδίλοις
1922 1838 1974 1881 ὡς
1990 1837 2183 1886 ἐλαφρίζον
2199 1837 2290 1886 γόνυ

1545 1893 1685 1943 ἔχοιεν,
1710 1893 1750 1938 ὃς
1772 1894 1818 1940 δὴ
1831 1897 1948 1932 πᾶσιν
1963 1895 2146 1938 Αἰτωλοῖς
2168 1893 2297 1944 νόμος·

1443 1977 1500 2026 ὡς
1521 1972 1571 2029 δὴ
1596 1980 1682 2018 πᾶν
1710 1972 1953 2020 τούναντίον
1986 1972 2076 2026 ἔθος
2096 1977 2183 2026 τοῖς
2204 1972 2427 2026 Αἰτώλοις·
2454 1973 2527 2019 τὸν
2553 1973 2628 2035 μὲν
2653 1973 2736 2036 γὰρ

1445 2044 1668 2109 ἀριστερὸν
1708 2044 2011 2102 ὑποδέδενται,
2038 2046 2109 2092 τὸν
2148 2045 2190 2092 δὲ
2228 2044 2358 2101 δεξιὸν
2385 2046 2736 2092 ἀνυποδετοῦσιν·

1444 2119 1510 2165 δεῖ
1526 2117 1624 2182 γὰρ,
1649 2112 1797 2180 οἶμαι,
1833 2117 1904 2164 τὸν
1929 2117 2164 2181 ἡγούμενον
2197 2117 2310 2182 ἔχειν
2341 2118 2542 2183 ἐλαφρὸν,
2571 2120 2667 2165 ἀλλ’
2688 2121 2735 2165 οὐ

1444 2191 1514 2238 τὸν
1534 2191 1791 2254 ἐμμένοντα.

1826 2295 1863 2337 Ε
1898 2294 2082 2338 LIBRO
2118 2295 2357 2339 TERTIO.

1853 2455 1857 2458 .
2040 2412 2154 2455 279.

1510 2489 1741 2547 Diogenes
1765 2487 1814 2532 L.
1840 2489 1886 2530 II
1903 2521 1915 2542 ,
1941 2486 2000 2539 46
2031 2503 2041 2530 :
2068 2483 2222 2549 Τούτῳ
2241 2485 2256 2545 (
2273 2487 2334 2548 τῷ
2359 2484 2584 2549 Σωκράτει
2605 2487 2618 2545 )
2645 2485 2736 2547 τὶς,

1447 2558 1559 2605 καθά
1580 2577 1706 2623 φησιν
1725 2557 2020 2623 Ἀριστοτέλης
2039 2559 2080 2604 ἓν
2096 2556 2226 2621 τρίτῳ
2245 2559 2503 2614 Ποιητικῆς,
2529 2558 2735 2622 ἐφιλονεί-

1446 2650 1512 2678 κει
1542 2630 1804 2694 Ἀντιόλοχος
1827 2630 2019 2690 Λήμνιος
2032 2629 2106 2676 καὶ
2127 2629 2328 2694 Ἀντιφῶν
2353 2633 2375 2676 6
2397 2630 2735 2693 τερατοσκόπος,

1446 2706 1501 2755 ὡς
1552 2703 1789 2767 Πυθαγόρᾳ
1839 2701 1992 2749 Κύδων
2035 2701 2110 2748 καὶ
2149 2701 2337 2754 Ὀνάτας
2354 2737 2367 2759 ,
2425 2700 2499 2749 καὶ
2547 2702 2740 2766 Σάγαρις
2760 2702 2769 2707 ’

1448 2774 1634 2839 ‘Op-ripe)
1655 2777 1805 2832 ζῶντι,
1841 2773 2096 2821 ἀποθανόντι
2125 2773 2167 2819 δὲ
2205 2774 2454 2838 Ξενοφάνης
2484 2776 2506 2819 6
2533 2773 2741 2840 Κολοφώ-

1445 2866 1551 2905 νιος,
1587 2867 1661 2894 και
1705 2846 1896 2912 Κέρκωψ
1940 2846 2094 2894 Ἥσιόδ
2073 2865 2130 2892 ω
2171 2850 2319 2903 ζωντι,
2354 2846 2660 2904 τελευτήσαντι
2695 2847 2738 2893 ’δὲ

1451 2923 1472 2965 ὃ
1495 2939 1802 2984 προειρημενος
1824 2919 2096 2993 Ξενοφάνης,
2134 2918 2208 2966 καὶ
2244 2918 2449 2983 Πινδάρω
2475 2918 2735 2984 Ἀμφιμένης

1457 2997 1479 3039 6
1511 2997 1658 3058 Κῳος,
1682 2994 1856 3051 Θάλητι
1887 2993 1932 3040 δὲ
1956 2982 2228 3058 Φερεκύδης,
2252 3013 2325 3040 και
2358 2994 2507 3041 Βίαντι
2545 2993 2740 3056 Σάλαρις

1441 3133 1547 3170 sunt.
1566 3150 1584 3166 n
1604 3132 1759 3179 Quibus
1774 3132 1907 3172 verbis
1922 3133 2127 3182 perspicue
2143 3131 2320 3170 declarat
2336 3131 2584 3170 doctissimus
2596 3131 2740 3170 Aristo·

1444 3196 1544 3234 teles
1566 3199 1658 3235 ante
1675 3197 1878 3253 Platonem
1899 3196 2074 3245 dialogos
2094 3194 2293 3245 scripsisse
2310 3195 2610 3234 Alexamenum.

2044 3264 2097 3303 27
2104 3264 2146 3303 8.

1494 3332 1698 3382 Euripides
1718 3333 1866 3372 Thestii
1899 3332 2004 3371 filios
2039 3333 2195 3371 venisse
2226 3332 2282 3370 ait
2305 3332 2449 3370 laevum
2485 3331 2623 3380 pedem
2661 3342 2742 3369 non

1443 3397 1662 3435 calceatum
1679 3396 1882 3435 habentes.
1903 3398 1960 3434 lta
1976 3395 2081 3434 enim
2100 3395 2195 3434 dicit
2218 3407 2227 3432 :

1634 3467 1777 3502 sinistri
1796 3467 1901 3511 pedis
1914 3467 2069 3510 vestigia
2088 3467 2193 3508 nudi,

1531 3524 1649 3558 aliero
1667 3524 1827 3558 calceati
1840 3525 1961 3565 erant,
1983 3527 2023 3558 ut
2042 3533 2140 3567 genu
2159 3525 2284 3559 flexile
2303 3523 2496 3564 haberent,

1505 3573 1590 3623 'qui
1606 3580 1777 3614 omnium
1803 3580 2012 3614 AEtolorum
2031 3590 2112 3615 mos
2129 3582 2198 3616 est.

1444 3646 1594 3682 Verum
1619 3643 1843 3682 contrarius
1869 3644 1984 3693 plane
2018 3655 2106 3684 mos
2127 3645 2233 3695 apud
2266 3645 2418 3684 AEtolos
2438 3644 2616 3691 obtinet;
2644 3654 2734 3680 nam

1444 3707 1583 3756 pedem
1607 3707 1812 3746 sinistrum
1828 3707 2031 3756 calceant,
2047 3707 2236 3747 dextrum
2255 3707 2407 3746 nudum
2431 3707 2673 3754 relinquunt3
2690 3716 2734 3742 ac

1443 3771 1605 3809 omnino
1620 3772 1730 3820 patet
1745 3769 1886 3820 pedem
1909 3770 2147 3820 ducentem,
2171 3783 2252 3811 non
2268 3782 2363 3810 vero
2385 3771 2554 3808 alterum
2568 3799 2578 3817 ,
2606 3769 2734 3806 levem

1444 3847 1527 3875 esse
1542 3835 1698 3875 debere.

2036 3905 2137 3945 279.

1496 3971 1588 4010 Fuit
1605 3972 1756 4010 Socrati
1769 4001 1779 4019 ,
1798 3972 1842 4009 ut
1859 3971 1978 4010 refert
1993 3971 2219 4010 Aristoteles
2237 3969 2352 4008 tertio
2371 3971 2427 4007 De
2446 3967 2597 4016 poetica
2611 3996 2621 4014 ,
2639 3977 2736 4005 eum

1444 4035 1679 4074 Antioloclio
1707 4034 1869 4073 Lemnio
1892 4037 1933 4073 et
1960 4034 2201 4083 Antiphonte
2227 4031 2493 4081 prodigiorum
2521 4031 2733 4078 interprete

1444 4099 1663 4146 contenti03
1707 4098 2045 4148 quemadmodum
2083 4097 2313 4146 Pythagorae
2354 4105 2444 4133 cnm
2487 4092 2647 4141 cydone
2690 4097 2729 4131 et

1445 4164 1573 4202 Onata
1586 4176 1597 4210 ;
1612 4162 1839 4211 viventique
1855 4164 2025 4201 Homero
2038 4162 2189 4208 Sagaris
2202 4159 2370 4197 aemulus
2382 4157 2452 4195 suit
2468 4169 2478 4203 ;
2499 4157 2577 4193 vita
2595 4158 2729 4194 autem

1445 4229 1578 4265 iuncto
1623 4226 1882 4276 xenophanes
1916 4225 2208 4273 Coloplionius3
2246 4221 2414 4260 Hesiodo
2458 4222 2549 4258 item
2584 4219 2731 4259 viventi
