3016 4628
1213 252 1622 308 FRAGMENTA.

5 367 50 428 23³⁴
104 371 397 424 Μακεδονικὸν
422 370 556 421 δοκέει
580 366 653 435 μοί
671 388 712 416 τι
733 367 996 430 κόμπασμα,
1017 365 1214 430 κατάπερ
1230 365 1304 412 καὶ
1321 364 1392 412 τὸν

4 419 66 546 Ε
95 446 428 510 Παραπάμισον
463 442 691 493 Καύκασον
716 439 890 488 ἐκάλεον
916 438 1137 487 Μακεδόνε
1122 455 1187 495 ες,
1214 435 1334 484 οὐδέν
1353 455 1393 484 τι

33 535 44 550 ⁹
101 518 376 585 προσήκοντα
395 521 540 565 τοῦτον
557 517 619 580 τῷ
645 511 879 577 Καυκάσω.
894 511 969 574 (11)
988 510 1075 559 Καί
1093 529 1134 558 τι
1150 510 1225 557 καὶ
1245 509 1393 574 ἄντρον

50 627 55 642 .,
103 587 430 653 ἐπιφρασθέντες
479 588 523 633 ἐν
549 582 999 650 Παραπαμισάδαισι,
1032 598 1158 628 τουτο
1205 581 1394 646 ἔφρασαν

64 704 68 713 ,
105 661 242 708 ἐκεῖνο
264 651 372 706 εἶναι
392 663 465 706 τοῦ
491 655 757 722 Προμηθέως
793 659 868 701 τοῦ
885 656 1067 711 Τιτῆνος
1095 671 1142 699 το
1162 652 1328 717 ἄντρον,
1354 654 1395 699 ἐν

103 729 211 796 ὅτεῳ
235 729 447 794 ἐκρέματο
472 730 542 778 ἐπὶ
558 733 610 793 τῇ
631 731 771 792 κλοπῇ
791 731 866 774 τοῦ
889 726 1034 790 πυρός.
1053 725 1122 789 (12)
1142 725 1228 773 Καὶ
1253 725 1304 782 δὴ
1322 724 1397 771 καὶ

105 804 150 850 ἐν
179 801 396 859 Σίὸαισιν,
434 801 602 864 Ἰνδικῶ
639 799 773 886 γένεϊ,
811 797 876 846 ὅτι
912 797 1036 863 δορὰς
1070 796 1397 861 ἀμπεχομένους

39 946 291 1012 ἔφασκον
307 943 404 998 τους
432 942 763 1008 ὑπολειφθέντας
787 934 894 989 εἶναι
919 961 1014 994 τους
1035 940 1194 994 Σίὸας·
1219 940 1291 987 καὶ
1315 938 1397 1005 γὰρ

13 1031 42 1071 2:21
96 1017 181 1066 καὶ
199 1015 414 1075 σκυτάλην
436 1014 610 1081 φέρουσί
630 1034 676 1062 τε
700 1018 738 1062 οἱ
769 1014 925 1072 Σίὸαι,
950 1014 1023 1061 καὶ
1047 1016 1133 1067 τοῖς
1154 1012 1298 1076 βουσὶν
1317 1014 1397 1059 αὐ-
1422 1033 1430 1042 ·

0 1103 40 1155 3
100 1093 190 1139 τῶν
212 1090 396 1154 ῥόπαλον
414 1086 716 1135 ἐπικέκαυται·
742 1085 815 1134 καὶ
835 1091 959 1133 τοῦτο
983 1087 1023 1140 ἐς
1048 1084 1222 1148 μνήμην
1247 1083 1395 1150 ἀνέφε-

0 1163 1 1178 ’
18 1165 21 1169 ’
100 1176 180 1221 ’ρον
203 1164 276 1207 τοῦ
292 1159 479 1226 ῥοπάλου
498 1163 570 1206 τοῦ
591 1157 840 1223 Ἡρακλέος.

710 1283 790 1314 22.

173 1395 398 1454 Josephus
414 1396 523 1438 Ant.
547 1393 652 1437 Iud.
682 1394 742 1449 X,
779 1408 796 1436 1
813 1408 855 1449 ι,
888 1408 904 1436 ι
935 1407 945 1434 :
976 1389 1083 1452 [Ἐν
1104 1387 1147 1435 δὲ
1165 1389 1249 1442 τοῖς
1276 1391 1398 1451 βασι-

102 1464 232 1519 λείοις
252 1463 414 1517 τούτοις
434 1461 730 1525 ἀναλήμματα
750 1461 889 1508 λίθινα
920 1459 1257 1520 ἀνοικοδομήσας
1277 1460 1397 1523 (scil.

108 1540 131 1583 ὃ
152 1534 617 1600 Ναὸουχοδονόσορος),
638 1533 710 1580 καὶ
734 1533 811 1590 τὴν
831 1532 926 1598 ὄψιν
946 1531 1126 1585 ἀποδοὺς
1143 1530 1398 1593 ὁμοιοτάτην

28 1616 39 1670 '3
108 1617 195 1664 τοῖς
232 1609 346 1674 ὄρεσι
379 1606 704 1671 καταφυτεύσας
732 1605 919 1670 δένδρεσι
949 1604 1235 1657 παντοδαποῖς
1277 1602 1401 1668 ἐξειρ-

109 1681 298 1747 γάσατο,
330 1679 399 1728 διὰ
443 1679 492 1727 τὸ
529 1677 607 1736 τὴν
642 1679 826 1740 γυναῖκα
885 1677 1014 1723 αὐτου
1061 1677 1259 1737 ἐπιθυμεῖ
1243 1695 1278 1721 ν
1327 1694 1402 1732 της

108 1753 265 1807 οἰκείας
290 1751 558 1804 διαθέσεως(
536 1771 593 1805 ως
611 1749 945 1812 τεθραμμένην’
927 1768 970 1796 εν
995 1751 1080 1801 τοῖς
1101 1747 1213 1794 κατὰ
1229 1746 1400 1805 Μηδίαν

99 1820 268 1878 ’·το’ποις.
285 1823 417 1888 ]Και
453 1821 794 1886 Μεγασθένης
822 1820 904 1873 δὲ’
886 1840 939 1868 εν
961 1823 1021 1884 τῇ
1050 1820 1086 1867 δ’
1119 1823 1172 1882 (l.
1202 1817 1400 1884 δευτέρα)

34 1890 62 1946 ’4
100 1895 213 1946 Ι’ϊιῖίν
253 1896 504 1945 1νδικι)ν
530 1895 787 1957 μνημονεύει
821 1894 975 1952 αὐτῶν,
996 1893 1050 1939 δι’
1075 1898 1125 1952 ῆς
1154 1893 1402 1956 ἀποφαίνειν

86 1965 310 2033 ’πειρᾶται
340 1972 486 2015 τοῦτον
515 1966 589 2015 τὸν
614 1966 797 2030 βασιλέα
820 1969 874 2031 τῇ
899 1964 1072 2030 ἀνδρεία
1102 1984 1185 2011 και
1201 1984 1262 2030 τῳ
1284 1963 1403 2028 μεγέ-

38 2040 82 2085 ’ἵν
101 2045 174 2089 aa:
200 2042 284 2087 τῶν
317 2038 512 2105 πράξεων
537 2036 865 2104 ὓπερὸεὸηκότα
892 2055 963 2084 τον
1001 2035 1248 2101 Ηρακλέα·
1273 2056 1404 2084 κατα-

78 2107 375 2180 στρέψασθαι
399 2111 482 2177 γὰρ
518 2111 646 2159 αὐτόν
688 2128 792 2176 φησι
823 2109 989 2167 Λιὸύης
1026 2109 1102 2167 τὴν
1127 2109 1291 2167 πολλὴν
1329 2129 1402 2157 και

39 2197 80 2228 Τ
102 2182 322 2258 Ἷὸηρίαν.
349 2183 436 2233 Καὶ
460 2186 645 2242 Διοκλῆς
658 2182 770 2230 δὲέν
795 2186 848 2247 τῇ
873 2181 1049 2271 δευτέρα
1073 2185 1157 2229 τῶν
1178 2184 1402 2248 Περσικῶν

82 2257 371 2323 μνημονεύει
394 2256 544 2304 τούτου
574 2275 658 2304 του
677 2254 907 2319 βασιλέως,
936 2254 1009 2301 καὶ
1041 2253 1379 2318 Φιλόστρατος
1360 2274 1401 2300 εν

34 2330 59 2357 ³
87 2330 204 2385 ταῖς
225 2329 427 2383 Ἰνδικαῖς
448 2330 577 2376 αυτου
610 2326 685 2375 καὶ
706 2330 977 2380 Φοινικικαῖς
999 2325 1275 2390 ἱστορίαις,”’
1249 2345 1316 2372 οτι
1341 2330 1405 2372 ου-

40 2415 43 2419 ’
85 2406 180 2458 ’διὀς
201 2405 224 2450 ὃ
245 2400 443 2467 βασιλευς
466 2399 747 2465 ἐπολιόρκησε
759 2399 900 2464 Τύρον
926 2398 1039 2446 ἔτεσι
1058 2417 1170 2462 τρισι
1190 2397 1264 2446 καὶ
1282 2398 1402 2458 δέκα,

36 2467 39 2485 ³
75 2499 106 2540 Ι·
106 2473 412 2544 βασιλεύοντος
445 2473 540 2521 κατ’
566 2474 725 2521 ἐκεῖνον
765 2470 837 2519 τὸν
869 2471 1018 2537 καιρὸν
1062 2469 1299 2519 Ἰθωὸάλου
1328 2491 1403 2529 της

46 2542 50 2559 '⁵
64 2564 94 2607 >j
104 2546 269 2612 Τύρου.

165 2627 352 2673 ‘Eadem
365 2626 554 2671 brevius
568 2628 737 2671 iterum
757 2625 892 2671 affert
909 2627 935 2670 J
939 2626 1138 2684 osephus
1154 2625 1204 2670 C.
1224 2626 1397 2684 Apion.

44 2718 70 2760 χῖ
113 2700 166 2756 Ι,
203 2714 288 2756 20,
317 2714 368 2758 p.
410 2702 550 2754 1174.
572 2698 828 2756 Josephum
856 2698 1096 2756 exscripsit
1129 2699 1331 2741 Zonaras
1354 2699 1400 2752 Ι,

113 2784 165 2831 p.
187 2768 244 2826 87
265 2769 339 2815 ed.
359 2769 494 2814 Basil.
517 2777 562 2814 et
582 2769 818 2828 Syncellus
831 2784 877 2828 p.
903 2783 991 2812 221
1013 2770 1054 2813 D
1071 2803 1083 2824 ,
1102 2768 1184 2812 ubi
1200 2769 1263 2812 sic
1283 2784 1295 2811 ε
1315 2766 1401 2814 Τὸν

51 2835 90 2894 ,⁵
107 2839 512 2904 ’Ναὸουχοδονόσωρ
542 2843 566 2887 ὁ
592 2837 874 2902 Μεγασθένης
896 2841 938 2886 ἐν
969 2843 1022 2903 τῇ
1050 2839 1086 2885 δ’
1113 2839 1125 2904 (
1141 2842 1170 2884 l.
1197 2838 1402 2904 δευτέρα)

18 2904 21 2961 s
50 2926 81 2950 ἐε-
101 2914 199 2962 ι*τῶν
229 2911 420 2961 Ἰνδικῶν
461 2911 730 2976 Ἡρακλέους
761 2911 1053 2977 ἀλκιμώτερον
1086 2911 1336 2978 ἀποφαίνει,
1362 2911 1404 2966 ὃς

46 2997 82 3021 ε-”’
107 2984 289 3050 ’ἀνδρεία
313 2984 479 3050 μεγάλῃ
513 2983 678 3041 Λιὸύης
708 2983 757 3032 τὸ
779 2986 979 3032 πλεῖστον
1002 2984 1076 3031 καὶ
1106 2983 1298 3050 Ἰὅηρίας
1328 3004 1405 3032 κα·

105 3051 392 3127 ἑτεστρέψατο.
417 3058 650 3122 Συμφωνεῖ
663 3056 707 3104 δὲ
728 3057 842 3121 αὐτῷ
858 3057 932 3104 καὶ
950 3056 1244 3121 Φιλόστρατος
1261 3058 1304 3104 ἐν
1317 3059 1409 3112 ταῖς

106 3206 398 3250 documentum
415 3209 475 3249 est
494 3205 617 3259 Nyssa
642 3208 739 3248 urbs
761 3209 802 3248 et
820 3211 953 3248 Merus
972 3219 1108 3259 mons,
1124 3209 1312 3259 quodque
1337 3210 1405 3249 he-

236 3271 279 3312 in
297 3272 374 3312 hoc
388 3273 524 3312 monte
541 3270 746 3315 nascitur:
766 3271 872 3322 quod
889 3273 1079 3322 praeterea
1107 3272 1219 3312 Indi
1210 3273 1281 3323 ipsi
1306 3275 1407 3324 tym-

64 3327 135 3385 ’Ἅι
180 3352 208 3369 ε.
233 3345 281 3375 ac
295 3335 477 3386 cymbala
492 3335 693 3385 pulsantes
710 3345 860 3385 pugnas
889 3335 1063 3383 adeunt,
1087 3335 1266 3386 itemque
1298 3339 1406 3378 veste

63 3436 67 3444 ,
92 3403 102 3446 j
131 3397 207 3434 ·;·ι“
220 3401 300 3438 cta
314 3398 502 3447 maculis,
522 3398 663 3437 Libero
691 3398 796 3448 patri
815 3398 1097 3437 bacchantium
1124 3410 1258 3448 more,
1278 3403 1406 3440 utun-

59 3455 66 3505 ,’
110 3474 114 3481 ·
149 3481 166 3492 ἐ
186 3488 200 3502 .
253 3463 335 3513 (io)
357 3462 539 3504 Herculis
558 3464 695 3502 autem
724 3473 805 3502 non
825 3462 953 3503 multa
972 3463 1214 3503 monimenta
1233 3466 1406 3504 exstant.

53 3520 238 3577 εεεὩιιυᾶ
256 3526 364 3566 enim
393 3531 570 3567 Aornum
585 3530 761 3576 petram,
799 3537 922 3576 quam
948 3526 1170 3567 Alexander
1199 3527 1240 3566 vi
1278 3528 1407 3578 cepit,

54 3578 309 3632 &Hercules
343 3599 570 3640 expugnare
602 3600 683 3628 non
709 3590 908 3640 potuerit,
942 3590 1196 3630 Macedonica
1225 3591 1409 3640 quaedam

68 3695 87 3711 ¹
121 3649 308 3699 fia-⁵2·
338 3652 439 3694 mihi
465 3651 657 3693 videtur:
691 3653 1027 3703 quemadmodum
1056 3655 1097 3694 et
1117 3655 1408 3704 Parapamisum

110 3716 298 3767 :montem
317 3717 543 3757 Caucasum
562 3718 758 3756 vocarunt
779 3717 1034 3767 MacedoneS,
1065 3717 1160 3757 nihil
1185 3718 1235 3758 ad
1255 3720 1409 3758 Cauca-

57 3783 64 3812 ῑ
85 3773 506 3833 ῥιιιιιρθήίιιοιιιοιιι.
525 3781 560 3832 (1
574 3782 608 3833 t)
636 3783 805 3822 Antrum
820 3793 982 3833 quoque
995 3783 1155 3833 aliquod
1167 3794 1290 3834 quum
1306 3783 1410 3834 apud

70 3842 77 3885 Ϊ
118 3838 438 3898 Pampamisadas
473 3854 559 3885 esse
601 3846 861 3896 acceperant,
901 3846 1124 3886 Promethei
1149 3846 1300 3887 Titanis
1326 3857 1411 3887 esse

64 3907 89 3926 ²
151 3905 387 3957 ‘xerunt,in
399 3917 481 3958 quo
499 3907 567 3948 ille
584 3908 637 3948 ob
664 3909 797 3959 ignem
819 3909 927 3949 furto
946 3909 1148 3950 sublatum
1183 3909 1224 3949 in
1247 3921 1407 3950 crucem

110 3965 236 4015 fmus
255 3970 386 4011 fuerit.
437 3970 520 4022 (12)
540 3970 655 4022 Apud
683 3972 796 4013 Sibas
819 3983 1005 4023 quoque,
1029 3972 1204 4012 indicam
1225 3974 1381 4024 gentem
1397 4004 1409 4023 ,

73 4055 75 4059 ·
94 4031 219 4082 §tw-r
241 4045 310 4076 eos
323 4035 491 4086 pellibus
509 4037 676 4079 amictos
689 4039 997 4089 conspexerant,
1021 4038 1072 4078 ab
1096 4039 1274 4079 Herculis
1289 4050 1405 4090 expe-

136 4097 163 4142 ,’
185 4098 274 4140 ione
291 4099 451 4142 relictos
483 4113 569 4143 esse
599 4103 712 4143 Sibas
737 4103 1007 4153 disserebant3
1033 4115 1152 4155 porro
1171 4115 1297 4155 quum
1329 4106 1409 4145 cla·

122 4170 221 4205 vam
232 4163 387 4212 gestent
401 4164 509 4210 Sibae¹
519 4192 532 4215 ,
548 4166 590 4205 et
610 4165 742 4206 bubus
757 4167 880 4207 clavae
891 4169 1027 4207 notam
1044 4167 1204 4208 inurant
1223 4168 1299 4208 hoc
1317 4179 1410 4218 qno·

64 4240 68 4247 ¹
109 4243 154 4291 r*
181 4226 268 4289 ead
282 4229 515 4269 memoriam
530 4230 654 4270 clavae
671 4232 850 4272 Herculis
868 4232 1102 4272 retulerunt.

266 4306 500 4336 ιείιΛοιιεΝτΑ
525 4309 662 4338 ιιιετοιι
709 4310 771 4340 (ιιι.
788 4321 828 4328 -
849 4312 931 4339 voi..
960 4311 997 4338 n.

105 867 215 923 εἶδον
239 893 335 926 τους
383 872 542 929 Σίδας,
580 870 666 918 ἀπο
703 874 779 928 τῆς
813 869 1048 935 Ἡρακλέος
1078 867 1410 932 στρατηλασίης,

2636 274 2725 312 ⁴17

1469 364 1692 429 Ἱστορίαις
1706 401 1719 424 ,
1745 363 1843 412 ἔνθα
1863 365 1936 411 καὶ
1955 366 2052 429 περὶ
2066 369 2139 422 τῆς
2161 368 2301 430 Τύρου
2323 368 2563 434 πολιορκίας
2577 370 2645 417 καὶ
2668 374 2750 417 τῶν

1470 435 1687 484 Φοινίκων
1706 436 1865 493 πάλαι,
1902 434 2056 489 αἵτινες
2095 439 2279 502 ἱστορίαι
2317 441 2512 505 φέρονται
2554 443 2648 505 περὶ
2679 448 2752 489 τοῦ

1475 506 1890 571 Ναὸουχοδονόσωρ,
1909 506 1974 554 ὅτι
1994 508 2154 571 Συρίαν
2183 510 2256 555 καὶ
2281 511 2493 571 Αἴγυπτον
2516 514 2587 559 καὶ
2607 521 2753 560 πᾶσαν

1469 577 1546 635 τὴν
1571 577 1781 635 Φοινίκην
1802 579 2123 642 κατεστρέψατο
2141 580 2356 643 πολέμοις.
2375 584 2387 645 3
2406 588 2470 629 De
2499 588 2754 632 Philostrati

1471 652 1643 697 Indicis
1660 652 1847 696 aliunde
1871 668 1964 695 non
1989 662 2182 698 constat.
2213 652 2224 712 )

1539 726 1705 770 Euseb.
1735 726 1812 770 Pr.
1837 725 2091 784 Ev.1x‚p.
2115 724 2225 780 456,
2243 728 2311 771 n:
2338 718 2471 787 ιςῧρον
2487 726 2528 772 δὲ
2547 727 2616 772 καὶ
2638 730 2680 773 ἐν
2703 732 2756 791 τῇ

1476 794 1708 853 Ἀίῖυδηνοῧ
1733 797 1843 858 Περὶ
1868 794 2100 859 Ἀσσυρίων
2130 799 2272 858 γραφῇ
2303 797 2399 858 περὶ
2433 802 2504 843 τοῦ
2532 798 2757 863 Ναίουχο-

1473 867 1645 933 δονόσορ
1671 871 1825 914 ταῦτα·
1870 888 1888 907 »
1921 865 2197 927 Μεγασθένης
2221 866 2265 912 δέ
2291 885 2394 930 φησι
2419 867 2761 932 Ναὸουκοδρόσο-

1475 957 1544 1003 ρον
1569 937 1807 1002 Ἡρακλέος
1846 937 2139 1001 ἀλκιμώτερον
2184 938 2387 1000 γεγονότα
2415 938 2483 984 ἐπί
2517 957 2563 984 τε
2596 939 2758 996 Λιίύην

1475 1004 1548 1059 καὶ
1571 1011 1763 1075 Ἰὅηρίην
1782 1015 2063 1074 στρατεῦσαι·
2085 1009 2245 1063 ταύτας
2261 1010 2304 1057 δὲ
2328 1010 2644 1074 χειρωσάμενον
2657 1015 2761 1057 ἀπο·

1473 1083 1640 1141 δασμὸν
1673 1082 1834 1130 αὐτέων
1874 1085 1932 1136 εἰς
1970 1082 2023 1129 τὰ
2058 1082 2173 1137 δεξιὰ
2201 1086 2275 1128 τοῦ
2313 1082 2477 1129 Πόντου
2510 1083 2761 1129 κατοικίσαι.

1476 1159 1610 1217 (Quae
1629 1167 1887 1217 sequuntur
1905 1173 2003 1201 non
2036 1165 2139 1200 sunt
2166 1156 2490 1215 Megasthenis,
2519 1157 2596 1200 sed
2637 1159 2763 1216 Aby-

1476 1230 1585 1274 deni
1605 1231 1637 1290 ).

1538 1308 1667 1352 Idem
1687 1308 1856 1352 Chi-on.
1879 1310 2010 1353 Arm.
2033 1323 2079 1366 p.
2102 1322 2178 1362 27.
2198 1306 2272 1350 ed.
2295 1306 2386 1352 Mai
2407 1322 2416 1350 :
2440 1308 2563 1350 Audi
2578 1317 2622 1350 et
2640 1310 2764 1358 Abr-

1473 1382 1654 1425 denum.
1679 1381 1892 1432 Hercule,
1927 1384 2089 1438 inquit,
2106 1376 2281 1435 sortior
2296 1389 2398 1422 erat
2424 1379 2437 1437 (
2460 1379 2767 1423 Nabuchodo-

1474 1452 1664 1512 nosor);
1707 1454 1841 1511 idque
1892 1457 2083 1512 exponit
2142 1451 2231 1494 hac
2282 1456 2459 1496 ratione
2507 1458 2724 1497 sermonis
2750 1471 2765 1496 .-

1474 1526 1836 1574 .Potentissimus,
1865 1529 1951 1578 ait,
1979 1524 2392 1578 Nabucoclrosor11.s·,
2422 1529 2499 1583 qui
2539 1530 2624 1586 ipsi
2647 1528 2765 1569 Her-

1475 1597 1568 1638 culi
1595 1593 1868 1651 sortitudiue
1895 1600 2138 1654 praestitit,
2178 1600 2224 1638 iu
2263 1594 2457 1653 Libyam
2494 1607 2539 1640 et
2569 1598 2765 1641 Iberiam

1477 1672 1656 1727 magnis
1678 1672 1821 1727 copiis·
1853 1669 2190 1726 expeditionem
2211 1677 2402 1726 suscepit
2427 1683 2441 1709 .·
2469 1669 2629 1726 quibus
2664 1672 2674 1722 (
2694 1684 2762 1712 re·

1477 1740 1724 1801 gionibns)
1763 1742 2028 1796 debellatis,
2056 1742 2304 1785 incolarum
2329 1751 2512 1800 partem
2550 1746 2596 1784 in
2631 1743 2767 1785 Ponti

1475 1814 1714 1857 dexteram
1738 1829 1866 1857 oram
1892 1814 2138 1859 transtulit.
2171 1834 2189 1853 »

1546 1893 1737 1936 Formas
1781 1893 1953 1936 ionicas
1988 1893 2037 1935 in
2081 1893 2384 1952 Megasthenis
2433 1892 2572 1935 verba
2615 1893 2767 1935 intulit

1480 1964 1731 2023 Abydenus
1745 2000 1756 2021 ‚
1780 1980 1918 2023 quem
1939 1965 2090 2009 ionica
2110 1965 2306 2009 dialecto
2324 1966 2549 2023 scripsisse
2571 1973 2763 2011 constat.

2081 2080 2160 2126 23.

1545 2197 1767 2241 Arrianus
1791 2196 1894 2243 lnd.
1930 2213 1967 2241 c.
1992 2213 2015 2253 7
2044 2213 2054 2241 :
2079 2191 2239 2244 ἼΞθνεα
2264 2194 2307 2242 δὲ
2333 2194 2491 2243 Ἰνδικὰ
2522 2196 2653 2243 εἴκοσι
2691 2196 2765 2243 καὶ

1479 2266 1629 2313 ἑκατόν
1646 2286 1686 2313 τι
1711 2266 1880 2314 ἅπαντα
1904 2266 2019 2330 λέγει
2055 2271 2211 2330 Μεγα
2228 2267 2419 2325 σθένης
2457 2269 2568 2315 δυοῖν
2601 2267 2763 2315 δέοντα.

1481 2338 1600 2402 [Καὶ
1617 2338 1757 2385 πολλὰ
1790 2338 1866 2399 μὲν
1888 2331 1995 2385 εἶναι
2030 2338 2149 2386 ἔθνεα
2176 2338 2336 2387 Ἰνδικὰ
2361 2340 2433 2386 καὶ
2462 2340 2586 2392 αὐτὸς
2609 2339 2764 2405 ξυμφέ-

1480 2430 1609 2475 ρομαι
1626 2411 1915 2474 Μεγασθένεϊ·
1931 2410 1980 2457 τὸ
2005 2410 2049 2457 δὲ
2076 2410 2245 2475 ἀτρεκὲς
2261 2413 2334 2458 οὐκ
2350 2411 2438 2475 ἔχω
2462 2411 2631 2458 εἰκάσαι
2647 2411 2764 2465 ὅπως

1479 2480 1676 2544 ἐκμαθὼν
1700 2481 1955 2548 ἀνέγραψεν,
1982 2482 2076 2529 οὐδὲ
2109 2483 2343 2529 πολλοστὸν
2373 2482 2498 2547 μέρος
2523 2487 2597 2539 τῆς
2621 2484 2764 2532 Ἰνδῶν

1483 2557 1555 2618 γῆς
1589 2554 1793 2612 ἐπελθὼν,
1818 2554 1913 2602 οὐδὲ
1935 2554 2148 2617 ἐπιμιξίης
2178 2562 2286 2601 πᾶσι
2322 2555 2408 2608 τοῖς
2431 2554 2593 2617 γένεσιν
2618 2555 2766 2610 ἐούσης

1478 2630 1517 2681 ἐς
1541 2627 1794 2691 ἀλλήλους.]

1544 2700 1693 2748 Πάλαι
1718 2699 1793 2761 μὲν
1813 2698 1863 2756 δὴ
1884 2700 2071 2762 νομάδας
2103 2692 2210 2746 εἶναι
2241 2698 2394 2752 Ἰνδοὺς
2417 2699 2612 2763 κατάπερ
2651 2702 2767 2747 Σκυ-

1475 2769 1582 2816 θέων
1607 2769 1704 2824 τοὺς
1728 2772 1805 2818 οὐκ
1826 2774 2057 2837 ἀροτῆρας,
2082 2771 2122 2819 οἳ
2145 2772 2215 2818 ἐπὶ
2241 2776 2363 2836 τῇσιν
2386 2770 2576 2835 ἁμάξῃσι
2595 2771 2765 2817 πλανώ-

1481 2861 1599 2903 μενοι
1625 2842 1777 2890 ἄλλοτε
1806 2842 1940 2902 ἄλλην
1966 2847 2040 2900 τῆς
2058 2843 2245 2900 Σκυθίης
2276 2842 2539 2905 ἀμείὸουσιν,
2566 2841 2660 2888 οὔτε
2685 2844 2766 2888 πό-

1479 2915 1574 2965 λιας
1609 2914 1815 2969 οἰκέοντες
1856 2915 1951 2962 οὔτε
1991 2915 2084 2980 ἱερὰ
2128 2918 2231 2962 θεῶν
2270 2915 2483 2966 σέὸοντες·
2509 2913 2619 2961 οὕτω
2660 2914 2766 2975 μηδὲ

1480 2985 1653 3034 Ἰνδοῖσι
1681 2988 1833 3041 πόλιας
1846 2980 1953 3035 εἶναι
1972 2987 2080 3051 μηδὲ
2107 2986 2201 3053 ἱερὰ
2221 2991 2324 3035 θεῶν
2347 2987 2614 3048 δεδομημένα
2631 3005 2640 3015 ·
2672 2985 2768 3031 ἀλλ’

1485 3059 1757 3124 ἀμπέχεσθαι
1779 3060 1855 3122 μὲν
1879 3060 2002 3124 δορὰς
2026 3060 2181 3125 θηρίων
2204 3058 2312 3108 ὅσων
2336 3058 2639 3107 κατακτάνοιεν
2654 3078 2664 3086 ·
2697 3078 2764 3104 σι-

2084 3205 2157 3245 22.

1532 3272 1803 3321 Megasthenes
1833 3283 1994 3323 quoque
2025 3272 2370 3312 Nabucodonosori
2409 3271 2524 3320 regiae
2561 3271 2737 3309 meminit
2750 3299 2763 3319 ,

1481 3335 1708 3374 Indicorum
1738 3335 1839 3375 libro
1863 3335 2053 3386 secundo,
2073 3337 2142 3375 ubi
2155 3335 2360 3375 ostendere
2380 3336 2547 3374 conatur
2573 3334 2678 3373 bunc
2708 3346 2767 3372 re-

1481 3409 1567 3448 gem
1583 3399 1813 3438 fortitudine
1831 3402 1872 3439 et
1899 3411 2034 3438 rerum
2052 3401 2249 3450 gestarum
2271 3398 2539 3448 magnitudine
2556 3398 2764 3437 Herculem

1481 3462 1595 3512 longe
1607 3473 1832 3512 superasse;
1849 3462 2045 3512 subegisse
2066 3463 2172 3502 enim
2195 3473 2377 3512 maguam
2399 3461 2531 3511 Libyae
2554 3463 2704 3510 partem
2724 3464 2762 3499 et

1481 3525 1664 3565 Iberiam.
1697 3528 1816 3564 Porro
1851 3526 2006 3565 Diocles
2040 3525 2213 3565 secundo
2245 3525 2490 3565 Persicorum
2517 3523 2616 3563 libro
2650 3522 2766 3571 liujus

1482 3588 1582 3638 regis
1600 3589 1838 3628 mentionem
1860 3588 1975 3635 facit,
1992 3599 2065 3628 nec
2087 3600 2167 3628 non
2183 3589 2443 3629 Philostratus
2464 3589 2501 3626 in
2526 3586 2663 3625 indicis
2687 3586 2765 3624 suis

1481 3654 1522 3692 et
1542 3652 1751 3691 Phoeniciis
1763 3652 1934 3691 historiis
1949 3682 1959 3700 ,
1976 3652 2083 3702 quod
2100 3652 2165 3691 hic
2185 3663 2256 3692 rex
2268 3651 2456 3691 tredecim
2479 3660 2600 3689 annos
2617 3650 2762 3698 'syrum

1482 3716 1781 3767 oppugnaverit,
1808 3715 1975 3755 lthobali
1998 3715 2208 3765 Tyriorum
2225 3715 2325 3764 regis
2339 3713 2591 3763 temporibus.

1534 3853 1680 3891 Gentes
1701 3850 1853 3891 indicas
1863 3852 2023 3891 centum
2039 3850 2306 3900 duodeviginti
2322 3850 2362 3888 in
2391 3848 2613 3887 universum
2626 3846 2761 3884 statuit

1483 3914 1764 3964 Megasthenes.
1819 3917 1901 3964 Ego
1915 3925 2010 3954 vero
2026 3914 2170 3953 multas
2188 3913 2347 3963 quidem
2366 3910 2485 3950 indiae
2505 3911 2637 3958 gentes
2652 3919 2757 3955 esse,

1483 3989 1577 4018 cum
1604 3978 1855 4029 Megasthene
1886 3978 2071 4018 senserim
2097 3993 2106 4016 z
2129 3976 2234 4016 unde
2252 3978 2383 4015 autem
2399 3973 2496 4012 certi
2526 3971 2673 4020 aliquid
2698 3982 2761 4010 ro-

1483 4041 1662 4092 gnoverit
1677 4070 1688 4090 ,
1719 4041 1947 4091 coniectura
1967 4041 2121 4090 assequi
2141 4050 2218 4079 non
2239 4048 2416 4088 possum,
2435 4045 2559 4085 quum
2578 4035 2758 4083 exiguam

1483 4106 1683 4157 quandam
1696 4106 1818 4147 lndiae
1834 4109 1986 4156 partem
2004 4104 2238 4156 peragrarit,
2257 4113 2382 4151 neque
2409 4110 2542 4139 omnes
2568 4099 2652 4147 ejus
2666 4110 2758 4148 geu·

1483 4171 1544 4210 tes
1560 4169 1796 4210 commercia
1820 4170 1921 4209 inter
1937 4180 1977 4207 se
1997 4169 2155 4218 agitent.

1535 4234 1638 4274 Olim
1655 4233 1814 4284 quidem
1831 4233 1946 4272 ludos
1964 4230 2150 4271 nomades
2177 4230 2291 4268 fuisse
2312 4227 2429 4275 (dixit
2454 4226 2753 4274 Megisuwnes),

2587 4300 2626 4330 οἳ
