3016 4628
793 275 1624 399 CLEARCHUS
1696 264 2393 396 SOLENSIS.

354 663 599 710 Clearchus
619 659 674 721 (*)
696 660 895 720 patriam
913 656 1077 701 habuit
1100 653 1232 698 Solos
1248 684 1260 706 ,
1284 663 1381 692 non
1397 646 1565 691 Ciliciae
1659 639 1768 701 [16.
1812 633 1920 698 Περὶ
1943 631 2073 698 ᾤωνῖ
2097 633 2161 678 fr.
2184 637 2242 689 74
2261 628 2317 691 a]

291 739 415 782 illam
443 734 525 780 sed
554 734 696 793 Cypri
724 732 916 785 urbem,
950 729 1020 772 uti
1050 728 1145 785 ipse
1179 731 1343 771 auctor
1366 718 1569 762 declarat

292 810 349 853 fr.
372 806 432 852 25
448 840 461 862 ,
481 806 563 850 ubi
589 805 647 848 de
670 804 809 862 Cypri
821 800 990 859 regulis
1008 799 1204 855 loquens
1219 795 1385 836 iterum
1406 804 1457 832 ac
1482 803 1566 830 sae-

295 881 398 939 pius
421 880 566 922 utitur
585 876 736 919 verbis
758 870 863 936 παρ’
882 870 1004 931 ἡμῖν.
1031 868 1167 925 Cujus
1196 867 1289 908 vim
1320 859 1568 928 testimonii

292 966 388 995 non
405 959 503 995 erat
519 964 603 993 cur
621 946 912 991 addubitaret
928 944 969 986 J.
986 943 1037 987 B.
1053 943 1282 985 Verraert.
1298 936 1346 977 in
1357 930 1567 978 Diatribe

292 1022 548 1083 inaugurali
574 1020 632 1064 de
665 1018 885 1063 Clearcho
909 1013 1085 1058 Solensi
1119 1007 1350 1070 (Gandavi
1382 1001 1564 1062 1828),

293 1110 345 1155 p.
374 1100 427 1150 4,
462 1102 710 1153 propterea
745 1088 875 1147 quod
909 1084 1153 1130 Clearchus
1189 1081 1364 1138 ubique
1408 1071 1568 1125 Σολεὺς

293 1167 571 1227 appellatur,
594 1164 823 1220 Diogenes
836 1158 1042 1204 Laertius
1069 1154 1130 1214 (I,
1156 1151 1210 1197 51
1240 1151 1252 1211 )
1279 1165 1392 1194 vero
1417 1147 1530 1192 dicit
1555 1162 1564 1189 :

296 1235 383 1284 Kal
411 1234 514 1281 εἰσὶν
536 1235 573 1279 οἱ
597 1229 671 1294 μὲν
695 1232 805 1275 ἔνθεν
831 1228 911 1289 (sc.
942 1241 999 1271 ex
1027 1226 1144 1269 urbe
1178 1217 1377 1281 Ciliciae)
1404 1219 1566 1275 Σολεῖς,

294 1309 332 1354 οἱ
362 1308 398 1353 δ’
422 1304 506 1351 ἀπὸ
531 1304 704 1366 Κύπρου
723 1299 884 1348 Σόλιοι.
910 1296 1148 1356 Ejusmodi
1165 1295 1287 1339 enim
1312 1291 1567 1336 distinctio-

295 1396 373 1424 nes
425 1390 736 1437 saepenumero
791 1380 895 1416 sunt
946 1370 1100 1414 inania
1159 1365 1570 1426 grammaticorum

294 1459 575 1504 commenta,
602 1457 647 1492 et
663 1445 791 1505 quod
816 1443 875 1487 ad
898 1442 1042 1486 modo
1066 1445 1370 1483 memoratam
1390 1436 1567 1490 attinet,

294 1533 450 1585 aperte
483 1521 679 1581 Diogeni
712 1517 971 1576 refragatur
1007 1513 1264 1571 Stephanus
1299 1508 1567 1568 Byzantius,

295 1599 374 1656 qui
399 1596 456 1639 de
473 1595 589 1638 Solis
612 1591 779 1639 Ciliciae
802 1601 1060 1632 sermonem
1085 1585 1256 1628 faciens
1273 1583 1337 1626 ait
1364 1597 1374 1625 t
1402 1582 1424 1625 ὃ
1442 1577 1571 1624 πολί-

291 1686 366 1722 της
387 1663 542 1716 Σολεὺς
562 1663 634 1709 καὶ
659 1659 828 1712 Σόλιος.
855 1685 920 1692 -
941 1658 1162 1717 Magistro
1189 1654 1434 1700 Clearchus
1465 1668 1572 1696 usus

291 1748 356 1782 est
374 1737 638 1790 Aristotele,
657 1733 786 1792 quod
810 1740 908 1775 tum
928 1730 1025 1773 aliis
1041 1729 1154 1772 locis
1175 1727 1453 1780 declaratur,
1474 1734 1572 1768 tum

290 1824 399 1852 vero
421 1808 474 1851 sr.
502 1805 560 1859 46
582 1821 638 1850 ex
661 1805 881 1849 Athenaeo
908 1817 958 1861 p.
997 1806 1108 1860 701,
1125 1799 1280 1854 C,ubi
1307 1814 1318 1842 2
1348 1794 1573 1859 Κλέαρχος

291 1881 313 1925 ὁ
334 1876 491 1930 Σολεὺς
515 1874 679 1928 οὐδενὸς
700 1872 892 1938 δεύτερος
908 1874 991 1918 τῶν
1013 1873 1084 1917 τοῦ
1105 1873 1234 1934 σοφοῦ
1252 1867 1573 1934 Ἀριστοτέλους

291 1951 505 2011 μαθητῶν,
529 1958 574 1993 et
596 1949 755 2008 fragm.
776 1947 837 2006 69
851 1980 863 2003 ,
881 1946 964 1990 uhi
986 1947 1012 1989 J
1017 1944 1211 2003 osephus
1233 1942 1344 1986 dicit
1369 1958 1379 1985 z
1406 1937 1572 2003 Κλέαρ-

292 2039 366 2084 χος
389 2024 411 2067 ὁ
430 2018 737 2084 Ἀριστοτέλους
765 2016 821 2064 ὢν
845 2013 1038 2078 μαθητὴς
1063 2014 1135 2062 καὶ
1159 2016 1243 2060 τῶν
1267 2016 1315 2060 ἐκ
1335 2012 1573 2077 περιπάτου

292 2091 527 2157 φιλοσόφων
553 2090 714 2143 οὐδενὸς
736 2089 939 2154 δεύτερος.
962 2093 1187 2134 Praeterea
1212 2088 1271 2132 de
1293 2089 1388 2132 vita
1413 2088 1574 2133 Clear-

294 2167 367 2210 chi
409 2167 523 2209 nihil
559 2174 749 2210 constat.
778 2190 839 2199 --
867 2164 1046 2222 Scripta
1087 2161 1296 2207 Clearchi
1325 2160 1575 2205 laudantur

292 2240 385 2282 haec
413 2254 422 2281 :

363 2340 402 2368 1.
426 2320 542 2381 Βίοι,
566 2323 694 2367 libris
716 2324 958 2367 minimum
981 2323 1116 2378 VIII,
1140 2321 1198 2365 fr.
1234 2326 1409 2373 1--24‹

358 2412 401 2443 2.
439 2393 650 2457 Γεργίθιος
677 2395 770 2456 (De
795 2390 1174 2456 adulatoribus),
1198 2393 1254 2438 fr.
1286 2393 1365 2439 25.
1395 2393 1467 2438 26.

359 2467 403 2511 3.
442 2465 550 2530 Περὶ
573 2464 737 2531 φιλίας,
757 2468 838 2513 lib.
869 2468 982 2512 min.
1009 2466 1086 2525 ΙΙ,
1108 2465 1167 2509 fr.
1199 2465 1275 2510 30.
1307 2466 1383 2509 31.

362 2545 404 2591 4.
441 2536 681 2602 Ἐρωτικά,
703 2540 784 2584 lib.
810 2540 923 2583 min.
950 2540 1020 2594 ΙΙ,
1047 2538 1106 2584 fr.
1132 2538 1339 2592 32-42,

362 2611 405 2654 5.
446 2609 673 2663 Πλάτωνος
693 2607 922 2672 ἐγκώμιον,
949 2610 1007 2655 fr.
1034 2609 1112 2663 43.

362 2683 407 2726 6.
449 2681 557 2741 Περὶ
580 2685 663 2727 τῶν
688 2684 729 2728 ἐν
761 2686 813 2746 τῇ
849 2680 1084 2734 Πλάτωνος
1107 2678 1303 2745 πολιτείᾳ
1329 2684 1576 2743 μαθηματι-

491 2755 573 2804 κῶς
607 2752 861 2816 εἰρημένων,
886 2756 943 2802 fr.
968 2760 1045 2807 44.

368 2842 411 2881 7.
438 2823 699 2887 Ἀρκεσιλᾶς,
716 2828 774 2874 fr.
807 2833 865 2881 44
885 2843 925 2874 a.

367 2897 413 2943 8.
451 2895 557 2960 Περὶ
580 2900 815 2960 παροιμιῶν
836 2901 920 2944 lib.
951 2902 1021 2956 ΙΙ,
1044 2901 1099 2945 fr.
1130 2895 1339 2954 45—460.

368 2983 415 3026 9.
458 2966 563 3030 Περὶ
585 2968 743 3030 γρίφων
769 2972 852 3018 lib.
880 2974 925 3016 II
943 3007 954 3028 ,
982 2973 1038 3016 sr.
1067 2972 1276 3016 61—68.

343 3054 414 3085 10.
451 3037 560 3102 Περὶ
583 3038 735 3097 ὕπνου,
756 3043 836 3087 lib.
859 3046 967 3087 min.
988 3047 1057 3099 II,
1080 3045 1140 3091 fr.
1164 3046 1240 3105 69.

344 3126 358 3154 1
376 3126 391 3154 1
406 3145 415 3154 .
436 3109 563 3172 ’Περὶ
584 3109 758 3174 νάρκης,
783 3115 837 3160 fr.
860 3132 934 3171 70,

346 3198 417 3228 12.
456 3181 565 3245 Περὶ
585 3188 784 3240 πανικοῦ,
810 3187 862 3230 sr.
892 3203 966 3243 71.

348 3254 418 3300 13.
457 3252 564 3316 Περὶ
589 3255 812 3311 σκελετῶν,
837 3258 918 3304 lib.
946 3256 1059 3306 min.
1093 3263 1162 3314 ΙΙ,
1187 3261 1242 3306 fr.
1268 3277 1344 3317 72.

348 3330 419 3376 14.
459 3325 567 3388 Περὶ
591 3328 672 3371 τῶν
691 3327 889 3390 ἐνύδρων,
916 3332 971 3377 fr.
999 3333 1068 3389 73.

349 3394 420 3440 15.
460 3394 567 3458 Περὶ
588 3398 725 3454 θινῶν,
750 3400 804 3446 fr.
833 3407 909 3457 74.

362 3516 413 3563 (·)
448 3515 752 3565 Distinguendus
770 3531 791 3558 a
809 3523 941 3561 nostro
957 3524 1143 3564 Clearcho
1162 3527 1220 3564 est
1237 3526 1452 3575 Clearchus
1463 3523 1582 3564 comi·

309 3583 400 3619 cus,
422 3584 539 3623 quem
557 3576 736 3614 novimus
754 3589 803 3616 cx
817 3580 1001 3619 Athena-0
1014 3584 1089 3630 VI,
1109 3594 1146 3634 p.
1166 3589 1255 3633 218,
1277 3586 1331 3632 B;
1352 3586 1422 3632 ΙΙΙ,
1439 3588 1580 3633 p.109‚

312 3632 359 3677 1>;
374 3632 440 3676 Vl,
456 3641 493 3680 p.
513 3636 602 3680 258,
620 3634 647 3670 Β
664 3646 674 3679 ;
694 3636 740 3682 Χ,
757 3645 795 3683 ι».
817 3639 902 3685 4¹30,
922 3641 976 3687 D;
994 3642 1100 3688 Viti,
1119 3652 1156 3690 p.
1175 3645 1263 3690 304,
1282 3644 1333 3690 1⁴¹3
1350 3644 1476 3691 lll,p.
1497 3644 1582 3690 107,

314 3690 519 3751 i:;·1x,p.
540 3693 628 3738 381,
648 3693 699 3737 E;
724 3694 761 3741 1,
790 3703 826 3742 p.
855 3700 891 3743 5,
917 3697 1371 3750 12;130kkeriAnecd.p.
1396 3691 1510 3740 1268.
1531 3702 1581 3738 v.

312 3746 478 3784 menn-k.
515 3748 664 3795 Fragm.
684 3751 795 3788 Com.
824 3754 836 3790 1
855 3781 865 3799 ‚
884 3763 921 3802 p.
947 3758 1018 3793 490
1039 3758 1079 3793 et
1100 3758 1167 3803 lV,
1193 3768 1229 3805 p.
1257 3762 1343 3797 562.
1365 3778 1416 3786 —-
1437 3758 1581 3797 elear-

310 3801 412 3839 chus
434 3802 591 3858 rhetor,
616 3804 683 3853 qui
707 3805 800 3844 oliuu
821 3808 1013 3848 citabatur
1028 3821 1076 3848 ex
1102 3813 1247 3852 Rutilio
1271 3816 1380 3863 Lupo
1404 3814 1509 3863 init,
1527 3815 1586 3853 est

317 3859 580 3908 (fleoclmrm,
612 3864 795 3901 mom-nte
833 3866 1076 3906 Rulinkcnio.
1105 3889 1153 3897 —
1194 3871 1443 3920 Clearchus,
1466 3882 1586 3921 quem

311 3916 494 3956 Clemens
510 3918 619 3957 Alex.
650 3923 794 3960 strom.
818 3926 827 3960 1
848 3933 907 3972 ,p.
931 3929 973 3962 13
993 3924 1030 3962 in
1050 3924 1287 3966 Milesiorum
1306 3929 1508 3978 Didymaeo
1524 3940 1587 3970 se-

314 3974 466 4021 pullum
479 3975 587 4023 dicit,
606 3988 733 4027 neque
745 3981 957 4020 statuarius
973 3992 1098 4031 neque
1117 3984 1280 4034 scriptor
1296 3988 1353 4025 cst
1365 4017 1375 4036 ,
1398 3988 1453 4026 uti
1470 3990 1587 4038 puta-

314 4034 420 4079 runt,
440 4032 505 4071 sed
523 4038 706 4085 mrrupta
725 4047 823 4084 vox;
841 4038 911 4087 legi
925 4038 1040 4077 delict
1058 4041 1221 4091 Κλέοχος
1239 4071 1248 4090 ,
1273 4044 1331 4082 uti
1352 4045 1519 4084 monebo
1538 4047 1589 4085 ad

315 4089 514 4128 Maeandrii
547 4091 684 4139 fragm.
717 4098 752 4132 5.
788 4094 972 4143 Reliquos
1003 4095 1179 4135 homines
1193 4129 1203 4146 ,
1232 4100 1374 4148 quibus
1411 4099 1589 4140 Clearchi

315 4155 481 4193 ncmwn,
511 4159 710 4188 recensere
738 4150 785 4188 acl
815 4161 886 4189 nos
910 4152 1002 4191 nihil
1033 4154 1184 4193 attinet.
1210 4158 1258 4195 V.
1287 4159 1485 4197 Verraert.
1510 4158 1534 4197 1.
1556 4158 1582 4197 Ι.

313 4210 352 4249 p.
378 4208 438 4242 111
467 4215 554 4254 sqq.

1661 710 1777 772 [17.
1812 703 2009 761 Τακτική
2034 705 2092 750 fr.
2125 702 2242 764 75.]
2280 763 2283 765 -

1708 803 1887 861 Scripta
1933 813 2138 858 quorum
2193 797 2353 840 titulos
2398 796 2692 856 ignoramus,
2738 795 2853 851 vide.
2886 796 2950 847 ili³

1642 874 1700 921 fr.
1729 874 1787 930 76
1815 887 1917 931 sqq.
1945 870 2013 916 Cf.
2037 878 2138 915 not.
2171 869 2232 913 ad
2256 868 2313 914 fr.
2338 872 2397 921 44
2423 882 2466 912 a.
2606 918 2610 923 ,
2931 922 2934 923 ⁷

1708 947 1838 989 Inter
1863 957 2031 1002 opera,
2054 957 2156 1000 quae
2172 939 2319 984 modo
2344 940 2682 997 recensuimus,
2707 955 2770 986 ne
2789 947 2949 1006 m
2998 998 3002 999 ⁷

1643 1018 1834 1078 quidem
1869 1024 1936 1060 est
1978 1014 2111 1074 quod
2147 1014 2422 1058 historicum
2454 1013 2561 1070 jure
2607 1012 2766 1059 dicere
2813 1008 2959 1074 neerissq
2997 1051 2999 1054 .

1643 1091 1823 1149 Quodsi
1851 1089 2154 1133 nihilominus
2177 1087 2403 1133 Clearcho
2428 1087 2587 1130 locum
2612 1087 2664 1130 in
2683 1086 2959 1145 Ιιοοζνῡῑιιὴ,

1643 1165 1767 1208 mine
1796 1162 2129 1216 concessimus,
2153 1161 2219 1204 ita
2250 1169 2406 1204 tamen
2437 1167 2490 1203 ut
2523 1160 2820 1220 paucissimis.
2837 1158 2961 1205 rem

1645 1235 2009 1290 absolveremus,
2049 1233 2198 1277 movit
2231 1247 2319 1276 nos
2355 1230 2487 1291 quod
2522 1239 2688 1276 auctor
2720 1232 2773 1276 in
2805 1230 2959 1277 mam

1646 1322 1752 1367 quae
1782 1307 1843 1351 ad
1874 1305 2220 1366 philosophiam
2242 1305 2469 1349 moralem
2498 1304 2738 1368 pertinent
2763 1300 2943 1349 doctri-‘-

1644 1396 1754 1425 nam
1784 1394 1914 1424 suam
1940 1379 2196 1438 largissima
2218 1377 2543 1437 exemplorum
2566 1391 2624 1421 ex
2645 1376 2840 1423 historia
2852 1388 2949 1437 pe-
2998 1364 3001 1367 ³

1645 1454 1839 1497 titorum
1857 1452 1995 1510 copia
2007 1451 2254 1495 illustravit
2272 1458 2413 1509 atque
2425 1448 2576 1507 major
2593 1460 2702 1508 pars
2714 1447 2943 1510 &agnitae

1646 1533 1804 1568 torum
1826 1525 1952 1569 istius
1968 1524 2099 1568 modi
2117 1523 2339 1583 exemplis
2362 1522 2632 1567 absumitur.

1713 1598 1999 1642 Historicum
2021 1596 2213 1656 quidem
2238 1611 2358 1656 opus
2382 1609 2477 1639 esse
2494 1594 2653 1642 videri,
2667 1595 2816 1655 possit
2834 1594 2943 1655 plu-

1646 1670 1870 1730 rimisque
1891 1685 1984 1714 esse
2009 1670 2159 1714 visum
2189 1677 2256 1713 est
2281 1667 2425 1724 illud,
2453 1666 2586 1726 quod
2607 1661 2705 1714 Βίόι
2727 1666 2803 1712 vel
2828 1663 2942 1730 Περὶ

1650 1739 1753 1803 βίων
1772 1743 2057 1789 inscribitur.
2079 1744 2182 1800 Qua
2196 1742 2246 1785 in
2266 1739 2493 1789 sententia
2503 1735 2642 1785 etiam
2655 1736 2956 1787 Vermertius'

1646 1817 1847 1874 perstitit
1869 1831 1916 1875 p.
1948 1814 2036 1860 115
2067 1831 2078 1859 :
2112 1834 2132 1855 <c
2170 1815 2266 1859 Ubi
2291 1813 2398 1858 dico
2415 1847 2428 1868 ,
2455 1813 2633 1872 inquit,
2664 1811 2943 1859 clearchum

1650 1886 1759 1951 Περὶ
1787 1886 1890 1951 βίων
1913 1890 2168 1949 scripsisse,
2195 1888 2286 1932 hoc
2303 1887 2486 1930 nonita
2510 1883 2839 1946 accipiendum
2853 1893 2938 1942 est,

1649 1977 1702 2006 ae
1725 1963 1761 2006 si
1783 1963 2031 2022 scripsisset
2054 1962 2114 2006 de
2139 1961 2331 2017 diversis
2348 1961 2454 2003 vitae
2473 1948 2750 2020 generihm,
2773 1958 2940 2022 θεωρηέ

1650 2037 1769 2080 τικοῦ
1781 2069 1793 2092 ,
1814 2038 2072 2099 πρακτικοῦ,
2093 2032 2291 2090 ἡδονικοῦ
2306 2067 2319 2089 ,
2346 2032 2427 2077 sed
2451 2047 2560 2077 eum
2575 2023 2807 2094 'scripsisse
2827 2039 2946 2092 opus

1649 2109 1947 2166 historicum,
1989 2104 2105 2170 βίους
2134 2106 2318 2169 ἀνδρῶν.
2360 2125 2380 2146 ›>
2417 2104 2563 2163 Quod
2598 2118 2742 2164 quam
2772 2113 2946 2152 temere

1651 2181 1829 2225 dictum
1853 2183 1937 2236 sit,
1971 2181 2145 2226 docent
2175 2180 2460 2240 fragmenta,
2502 2193 2606 2237 quae
2632 2177 2695 2222 ad
2729 2177 2946 2224 ordinem

1651 2253 1886 2313 quendam
1909 2254 2186 2298 historicum
2215 2253 2310 2296 sive
2333 2252 2547 2295 virorum
2569 2251 2664 2295 sive
2688 2250 2828 2295 etiam
2853 2265 2948 2310 po-

1649 2328 1876 2386 pulorum
1918 2340 2140 2370 revocare
2192 2324 2363 2369 frustra
2402 2324 2667 2369 tentaveris.
2712 2323 2946 2378 Nimirum

1651 2415 1676 2444 e
1713 2401 1836 2444 libro
1857 2403 2017 2460 primo
2053 2400 2176 2445 inter
2211 2399 2302 2446 alia
2333 2410 2486 2442 sermo
2517 2403 2616 2442 erat
2648 2395 2709 2446 de
2737 2390 2948 2457 parasitis

1652 2471 1726 2533 (fr.
1747 2471 1806 2534 1),
1824 2488 1882 2517 ex
1897 2473 2094 2516 secundo
2109 2470 2304 2515 affertur
2318 2467 2835 2531 Euxithe'hPythagorei
2844 2466 2958 2524 seir-4

1651 2546 1795 2589 tentia
1811 2543 1869 2590 de
1883 2546 2038 2590 anima
2050 2540 2202 2604 poenae
2216 2558 2351 2587 causa
2371 2540 2565 2602 corpori
2583 2539 2706 2604 ἐν-τῷ
2726 2537 2851 2605 δεῦρο
2866 2536 2963 2605 βίιρ

1651 2619 1827 2679 illigata
1858 2618 2012 2676 deque
2050 2618 2146 2661 vita
2167 2631 2315 2675 usque
2348 2613 2410 2659 ad
2430 2611 2692 2678 naturalem
2725 2611 2822 2671 ejus
2842 2607 2949 2658 exi-‘-

1650 2698 1753 2734 tum
1772 2690 2019 2735 toleranda
2039 2687 2117 2750 (fr.‘
2141 2688 2213 2750 2).
2241 2690 2455 2734 Alterum
2477 2686 2576 2745 ejus
2586 2685 2698 2731 libri
2714 2683 2947 2747 fragmen·

1652 2773 1752 2807 tum
1777 2771 1842 2807 est
1866 2763 1925 2807 de
1949 2761 2313 2807 Lacedaemoniis
2335 2759 2501 2819 priscae
2521 2759 2626 2803 vitae
2653 2753 2823 2818 κόσμον·
2839 2769 2948 2803 cum

1653 2837 1810 2880 enervi
1829 2834 2202 2895 permutantibus
2215 2833 2410 2877 mollitie
2425 2847 2477 2876 ac
2490 2830 2693 2874 luxuria.
2705 2830 2763 2874 In
2777 2828 2947 2875 eo‘dem

1654 2917 1929 2968 argumento
1954 2915 2198 2951 versantur
2222 2921 2324 2964 quae
2349 2920 2373 2949 e
2402 2902 2702 2963 sequentibus
2722 2901 2856 2947 libris
2876 2917 2947 2947 su-

1653 2990 1862 3040 persunt.
1878 2983 1996 3025 Nam
2007 2995 2031 3024 e
2047 2980 2171 3022 libro
2185 2981 2313 3022 tertio
2330 2976 2547 3021 laudatur
2559 2974 2869 3035 fragmentum
2886 2974 2946 3020 de

1654 3053 1899 3097 Parrhasio
1917 3053 2108 3111 aliisque
2121 3051 2251 3096 luxui
2271 3049 2441 3094 deditis
2459 3045 2532 3110 (fr.
2559 3043 2619 3108 4),
2638 3046 2766 3092 libro
2782 3057 2946 3107 quarto

1655 3126 1813 3185 agitur
1826 3123 1925 3187 περὶ
1947 3125 2110 3188 τρυφῆς
2132 3122 2407 3177 Medorum,
2440 3120 2711 3180 Lydorum,
2743 3120 2946 3166 Milesio·

1653 3213 1782 3253 rum,
1803 3197 2232 3256 Colophoniorum,
2255 3195 2551 3255 Scytharum,
2569 3185 2945 3254 Tarentinor1ffi¹‚

1653 3269 1865 3330 Dionysii
1880 3269 2080 3327 junioris
2105 3268 2178 3329 (fr.
2203 3265 2408 3328 5—1o);
2429 3266 2554 3311 libro
2571 3269 2730 3325 quinto
2747 3254 2931 3313 (lemen

1653 3343 1711 3387 sis
1722 3343 1886 3388 Siculis
1905 3344 2184 3403 sumptuosis
2205 3341 2276 3401 (fr.
2307 3357 2326 3386 1
2340 3341 2412 3401 1),
2433 3339 2492 3384 de
2512 3338 2759 3389 Cantabari
2779 3335 2918 3387 Persa
2942 3363 2943 3366 ¹

1655 3414 1715 3459 de
1764 3416 1921 3477 Sagari
1959 3415 2296 3475 Mariandyno,
2333 3413 2444 3458 viris
2478 3407 2541 3456 ob
2585 3419 2774 3472 turpem
2803 3411 2851 3455 vi
2865 3432 2887 3450 r:
2928 3419 2950 3464 ιζ

1656 3488 2007 3551 contemnendis
2023 3487 2106 3549 (fr.
2129 3503 2204 3544 12,
2225 3485 2327 3547 13),
2344 3493 2390 3530 et
2401 3484 2460 3530 de
2473 3484 2690 3534 clearchi
2699 3479 2941 3546 Eudemo

1654 3561 1749 3604 nici
1768 3562 1954 3622 ineptiis
1971 3559 1984 3625 (
2001 3561 2059 3606 fr.
2086 3559 2185 3621 14).
2204 3559 2384 3617 Quibus
2409 3572 2434 3601 e
2452 3557 2576 3612 libro
2593 3554 2937 3604 οσΐαιύαωεᾶὶ

1656 3632 1785 3677 locus
1813 3633 1871 3678 de
1889 3634 2063 3694 Gorgia
2086 3632 2148 3676 ob
2169 3630 2468 3676 sobrietatem
2486 3627 2827 3689 longaevissimo
2850 3625 2922 3688 (fr

1665 3702 1720 3748 15
1740 3704 1774 3765 ).
1806 3702 2026 3764 Reliqua,
2058 3703 2228 3764 quibus
2249 3701 2359 3746 libri
2374 3714 2596 3745 numerus
2616 3714 2717 3747 non
2737 3697 2851 3744 addi
2914 3719 2931 3737 o·

1658 3777 1809 3837 longe·
1829 3777 2034 3837 plurima
2066 3777 2116 3819 in
2164 3773 2330 3818 iisdem
2362 3779 2604 3817 versantur
2645 3766 2936 3837 argumenti

1658 3850 1802 3893 Manu
1818 3849 1962 3909 igitur
1983 3849 2033 3892 in
2048 3862 2150 3892 eam
2167 3845 2383 3890 ducimur
2402 3843 2699 3904 sententiam,
2716 3850 2772 3887 ut
2792 3837 2938 3916 Cle-‘j

1661 3920 1800 3964 chum
1826 3929 2042 3979 putemus
2068 3919 2119 3962 in
2142 3915 2256 3964 Βίων
2277 3931 2422 3977 opere
2442 3915 2622 3960 diversa
2644 3926 2815 3975 genera
2830 3913 2878 3958 vi
2893 3914 2935 3972 κζ’-χ

1659 4007 1791 4048 rum,
1819 3992 1988 4051 quibus
2011 3990 2257 4050 indulgere
2286 3988 2499 4033 homines
2525 3985 2743 4043 student,
2768 3999 2825 4031 eo
2879 3981 2893 4022 μ’
2932 3975 2937 3981 ’

1660 4065 1784 4108 xime
1805 4064 2000 4108 consilio
2027 4055 2340 4122 descripsisse,
2359 4069 2414 4105 ut
2432 4060 2526 4104 vim
2544 4058 2788 4103 salutarem
2809 4071 2842 4116 q

1663 4135 1927 4179 sobrietatis
1947 4133 2175 4188 studium,
2203 4141 2248 4177 et
2266 4131 2578 4192 perniciosam
2597 4143 2739 4189 quam
2764 4129 2846 4173 lux
2877 4115 2928 4187 :⁷2⁸⁷

1667 4206 1860 4267 aliaeque
1890 4221 2044 4267 pravae
2077 4204 2350 4264 cupiditates
2384 4204 2433 4248 in
2469 4202 2704 4247 fortunam
2736 4201 2841 4246 viro
2866 4203 2890 4251 ῗ’
2912 4210 2935 4254 «ᾗ,
