3016 4628
484 326 904 383 PHOCENSIUM,
940 322 1324 379 AETOLORUM,
1362 322 1524 379 ETC„

139 439 208 482 τοῦ
233 434 276 481 δὲ
297 433 451 485 παῖδας
477 429 548 477 δύο
571 428 644 477 καὶ
667 427 798 474 εἴκοσι
818 421 1061 482 Τηλεὸόας,
1083 415 1142 468 ὧν
1162 421 1278 474 τινὰς
1303 421 1417 478 οἷκῆ·

140 526 212 554 σαι
236 505 313 564 τὴν
337 502 550 553 Λευκάδα.

700 570 829 633 [128.
835 569 852 631 ]

203 671 412 735 [Aristot.
438 669 536 714 Pol.
557 668 602 724 I,
633 670 679 720 4,
710 673 773 711 4:
798 663 939 723 Apud
964 664 1123 722 plures
1143 663 1243 721 lege
1270 661 1419 705 sanci-
1453 651 1460 712 Ι

139 753 235 788 tum
259 751 324 788 est
355 758 450 791 τους
479 701 692 788 παλάιους
725 734 907 799 κλήρους
933 733 1182 787 διασώζειν*
1209 734 1350 779 Ιοῦτο
1375 727 1418 776 δὲ

136 813 258 860 λυθὲν
282 811 356 859 καὶ
390 810 485 874 περὶ
509 805 710 857 Λευκάδα
748 803 985 868 δημοτικὴν
1011 804 1189 862 ἐποίησε
1215 803 1312 850 λίαν
1337 801 1414 860 τὴν

135 883 352 932 πολιτείαν
380 883 535 928 αὐτῶν·
561 881 608 926 οὐ
632 877 714 942 γὰρ
740 878 802 924 ἔτι
832 876 1073 924 συνέὸαινεν
1100 875 1184 923 ἀπὸ
1208 879 1291 922 τῶν
1314 879 1417 940 ‹3³9³-
1454 870 1460 902 ¹

136 955 300 1019 σμένων
325 952 582 1015 τιμημάτων
607 952 665 1003 εἷς
694 950 770 1003 τὰς
792 947 928 1014 ἀρχὰς
950 949 1151 1012 βαδίζειν.
1173 948 1190 1011 ]
1453 914 1460 1024 ⁴

201 1032 252 1075 V.
271 1023 452 1072 Mulier.
475 1027 588 1070 Dor.
606 1026 670 1080 11,
692 1039 742 1083 p.
772 1022 878 1069 155.

586 1134 957 1182 ΙΘΑΚΗΣΙΩΝ.

726 1267 830 1312 129.

199 1351 350 1409 Etym.
378 1350 442 1395 M.
463 1364 508 1394 ν.
539 1344 766 1410 Ἀρκείσιος
785 1381 798 1402 ,
825 1347 846 1391 ὃ
869 1344 998 1407 ἥρως,
1019 1346 1041 1390 ὃ
1064 1342 1240 1396 πάππος
1257 1341 1422 1389 Ὀδυσ-

135 1419 262 1473 σίως.
300 1417 594 1484 Ἀριστοτέλης
628 1417 671 1463 δὲ
710 1419 752 1463 ἐν
797 1420 851 1480 τῇ
893 1415 1148 1474 Ἰθακησίων
1186 1413 1420 1476 Πολιτείᾳ,

132 1490 204 1538 τὸν
249 1491 447 1556 Κέφαλον
486 1491 681 1535 οἰκοῦντα
716 1490 758 1534 ἓν
795 1495 887 1540 ταῖς
927 1490 999 1534 ἀπ’
1025 1489 1152 1534 αὐτου
1179 1484 1422 1543 κληθείσαις

135 1562 411 1627 Κεφαληνίας
440 1561 605 1618 νήσοις,
633 1562 798 1608 ἄπαιδα
836 1561 1015 1608 ἐπιπολυ
1056 1561 1185 1618 ὄντα,
1224 1559 1422 1624 ἐρόμενον

131 1635 202 1682 τὸν
227 1634 348 1691 θεὸν,
371 1634 693 1690 κελευσθῆναι
668 1652 704 1698 ῳ
736 1632 787 1678 ἂν
811 1631 965 1696 ἐντύχῃ
987 1632 1106 1690 θήλει
1126 1629 1419 1694 συγγενέσθαι.

133 1706 487 1772 Παραγενόμενον
508 1704 552 1752 δὲ
569 1707 625 1758 εἷς
643 1705 830 1770 πατρίδα
853 1705 925 1752 καὶ
940 1704 990 1761 δὴ
1013 1703 1239 1767 ἐντυχόντα
1259 1704 1420 1766 ἄρκτω,

129 1778 244 1826 κατὰ
283 1777 480 1842 χρησμὸν
512 1777 804 1840 συγγενέσθαι.
831 1776 924 1834 Τὴν
946 1777 988 1823 δὲ
1008 1775 1224 1839 ἐγκύμονα
1248 1774 1424 1836 γενομέ-

131 1870 226 1909 νην,
255 1848 511 1912 μεταὸαλεῖν
531 1850 588 1902 εἰς
611 1849 791 1911 γυναῖκα
805 1885 816 1906 ,
842 1849 916 1894 καὶ
934 1849 1069 1896 τεκεῖν
1091 1848 1227 1897 παῖδα
1254 1847 1295 1893 'A
1305 1845 1422 1910 ρκεί-

131 1942 239 1980 σιον,
267 1922 350 1968 ἀπὸ
371 1921 546 1986 ἄρκτου.
1195 1963 1198 1966 ,

137 1998 140 2001 ’
198 1997 371 2041 Eadem
411 2011 468 2040 ex
506 1996 753 2040 Aristotele
791 1996 887 2039 sine
921 1995 1069 2039 dubio
1090 2004 1339 2054 narrantur
1375 1996 1424 2037 in

134 2068 369 2114 Heraclid.
404 2069 544 2114 Pont.
574 2069 677 2112 Pol.
718 2068 794 2125 37.
831 2071 901 2112 De
935 2069 1139 2128 Cephalo
1176 2067 1231 2112 cf.
1269 2069 1419 2126 Heyn.

130 2140 193 2184 ad
215 2139 498 2199 Apollodor.
520 2141 583 2195 ΙΙ,
605 2144 649 2195 4,
675 2154 699 2196 7
716 2173 727 2195 ,
753 2149 798 2183 et
816 2141 1002 2186 Miiller.
1029 2142 1141 2184 Dor.
1167 2141 1207 2195 Ι,
1240 2138 1331 2182 232
1351 2154 1420 2198 sq.

596 2237 609 2257 x
730 2226 833 2271 130.

198 2318 404 2365 Eustath,
422 2317 481 2362 ad
494 2317 657 2376 Odyss.
671 2319 799 2373 XVI,
822 2335 839 2362 1
854 2318 986 2378 18,p.
1001 2336 1018 2363 1
1032 2319 1140 2379 796,
1160 2324 1183 2371 4
1200 2335 1213 2362 1
1236 2316 1421 2364 εἸστέον

130 2387 198 2435 ὅτι
229 2389 527 2450 γενεαλογοῧσι
553 2386 655 2440 Διὸς
680 2386 757 2448 μὲν
780 2388 853 2434 καὶ
886 2389 1142 2453 Εὐρυοδείας
1174 2388 1419 2451 Ἀρκείσιον,

71 2502 75 2506 .
134 2461 264 2506 αὐτοῦ
303 2457 347 2505 δὲ
384 2460 457 2504 καὶ
498 2458 859 2520 Χαλκομεδούσης
899 2460 1112 2524 Λαέρτην,
1159 2465 1231 2507 τοῦ
1277 2459 1321 2507 δὲ
1350 2461 1422 2506 καὶ

112 2530 394 2584 ΔἈντικλείας
419 2530 651 2588 Ὀδυσσέα,
686 2524 733 2577 οῧ
758 2531 832 2577 καὶ
858 2532 1115 2589 Πηνελόπης
1135 2530 1419 2595 Τηλέμαχον,

135 2606 266 2650 αὐτοῦ
286 2602 416 2668 δὲκαὶ
444 2602 742 2660 Πολυκάστης,
763 2607 838 2660 τῆς
862 2603 1088 2667 Νέστορος,
1109 2598 1420 2667 Περσέπτολινζ

136 2674 427 2740 Ἀριστοτέλης
443 2674 486 2721 δὲ
513 2677 554 2722 ἐν
581 2674 831 2732 Ἰθακησίων
855 2676 1051 2741 πολιτείᾳ
1075 2676 1148 2722 καὶ
1170 2675 1425 2730 Ἑλλάνικος

138 2749 148 2811 (
171 2750 224 2794 fr.
259 2755 342 2802 141
371 2750 386 2810 )
411 2746 455 2794 δὲ
478 2747 740 2812 Τηλέμαχόν
775 2767 880 2808 φασι
910 2749 1164 2796 Ναυσικάαν
1185 2752 1324 2812 γῆμαι
1349 2747 1424 2805 τὴν

135 2820 348 2868 Ἀλκινόου
370 2819 443 2867 καὶ
466 2824 665 2882 γεννῆσαι
689 2822 759 2867 τὸν
781 2820 1092 2892 Περσέπτολιν.
1120 2823 1294 2867 Eadem
1321 2833 1426 2867 tan-
1455 2843 1467 2867 1

133 2959 305 3009 denique
321 2959 421 2999 tilios
441 2959 577 3010 viginti
596 2959 694 3000 duos
717 2961 904 3000 Teleboas
915 2991 926 3010 ‚
940 2971 1111 3010 quorum
1124 2960 1304 2999 nonnulli
1321 2963 1423 3000 Leu-

135 3022 271 3062 cadem
289 3023 631 3073 frequentaverint.

706 3092 842 3144 [128]

186 3160 202 3212 ξ
215 3159 328 3210 Apud
357 3160 489 3210 plures
510 3160 594 3210 lege
612 3160 810 3199 sancitum
834 3162 916 3208 est,
938 3162 982 3199 ut
1009 3163 1162 3201 veteres
1178 3164 1304 3201 sortes
1334 3173 1423 3200 eon-

131 3227 356 3265 serventur.
383 3228 472 3271 Quo
494 3235 604 3264 more
623 3225 752 3264 soluto
769 3225 887 3264 etiam
907 3226 1012 3276 apud
1037 3227 1255 3266 Leucadios
1282 3238 1423 3277 respu-

84 3312 93 3315 -
138 3289 241 3345 blica
259 3289 296 3327 in
326 3287 628 3328 democraticam
644 3287 760 3338 plane
785 3290 953 3328 sormam
978 3289 1092 3330 abiit.
1112 3293 1200 3329 Jam
1219 3291 1324 3329 enim
1346 3302 1425 3330 non

0 3360 3 3398 ξ
57 3398 60 3403 ,
134 3354 306 3404 amplius
325 3353 443 3393 fiebat
461 3355 504 3392 ut
519 3364 568 3392 ex
584 3364 632 3392 eo
645 3364 764 3393 censu
779 3384 791 3403 ‚
808 3365 928 3404 quem
954 3354 1069 3404 jussit
1087 3355 1168 3405 lex,
1191 3355 1240 3394 ad
1261 3366 1425 3394 munera

136 3417 387 3467 magistratus
405 3417 650 3467 eligerentur.
666 3416 682 3468 ]

552 3496 1010 3559 miAcssnsmM.

723 3616 823 3656 129.

193 3682 418 3724 Aristoteles
436 3684 476 3724 in
502 3684 768 3725 Ithacensium
797 3694 880 3734 rep.
898 3684 1035 3722 narrat
1052 3683 1270 3732 Cephaium
1287 3682 1327 3721 in
1349 3685 1425 3722 Ce-

103 3756 105 3758 ·
140 3746 352 3796 phaleniis,
381 3758 472 3798 quae
505 3747 555 3787 ab
584 3748 668 3798 ipso
692 3748 964 3796 nominantur,
987 3746 1125 3786 insulis
1160 3746 1425 3793 habitantem,

138 3815 267 3860 quum
291 3809 359 3849 diu
381 3809 595 3851 liberorum
617 3821 757 3861 expers
783 3811 906 3861 esset,
930 3810 1175 3850 consuluisse
1195 3809 1316 3848 deum
1331 3838 1341 3856 ,
1359 3810 1427 3861 qui

21 3855 23 3857 ¹
60 3903 81 3922 ,.
141 3870 369 3924 imperasset
380 3874 415 3914 ei
433 3876 480 3914 ut
500 3885 593 3915 cum
621 3874 790 3922 semina,
812 3885 903 3925 quoe
917 3875 1091 3924 primum
1117 3873 1228 3913 fieret
1246 3873 1426 3922 obviam,

63 3942 77 3967 λ
141 3937 279 3978 coiret.
297 3941 516 3980 Reversnm
545 3939 586 3979 in
602 3940 770 3990 patriam
788 3950 975 3990 ursaeque
989 3939 1149 3978 obviam
1166 3939 1319 3978 sactum
1337 3968 1348 3988 ,
1378 3949 1427 3977 ex

141 4001 253 4050 jussu
269 4003 420 4044 oraculi
437 4003 572 4043 iniisse
597 4014 698 4042 eam.
717 4005 829 4043 Hanc
846 4006 980 4042 autem
999 4005 1159 4042 uterum
1175 4004 1374 4052 gerentem
1387 4002 1427 4040 in

80 4094 83 4099 ψ
107 4076 109 4078 ·
145 4060 348 4121 mulierem
368 4078 450 4107 esse
465 4069 660 4107 mutatam
675 4066 933 4118 genuisseque
945 4066 1071 4106 filium
1087 4097 1099 4116 ,
1116 4067 1182 4116 qui
1195 4066 1272 4105 ἀπὸ
1288 4066 1429 4117 ἄρκτου

146 4128 229 4170 εἷτα
242 4129 294 4169 ab
320 4140 415 4169 ursa
434 4131 660 4170 nominatus
680 4129 730 4170 sit
754 4130 940 4171 Arcisius.

742 4199 836 4237 130.

198 4263 388 4302 Nimirum
403 4264 666 4313 genealogiam
689 4264 739 4302 ita
757 4264 1016 4312 constituunt,
1032 4264 1074 4302 u!
1092 4262 1202 4304 Jovis
1221 4265 1258 4302 et
1285 4266 1430 4314 Euryn-

1565 322 1994 370 lTHACENSlUM
2034 324 2449 376 RESPUBLlCAE.
2691 336 2778 375 145

1495 424 1560 481 git
1581 424 1730 480 Etym.
1747 424 1807 466 M.
1825 438 1873 480 p.
1902 428 1985 474 144
2004 456 2015 477 ,
2039 429 2095 474 24
2115 440 2158 467 V.
2190 423 2431 483 Ἀκρείσιος.
2459 429 2558 475 See.
2589 429 2781 475 llesiod.

1495 495 1555 540 fr.
1590 510 1678 537 loo
1718 495 1995 553 Perseptolis
2019 504 2082 538 cst
2110 495 2229 539 filius
2267 500 2524 542 Telemachi
2565 512 2610 544 ct
2643 503 2785 559 Poly-

1494 575 1637 609 castes
1659 567 1852 610 Nestore
1878 575 2008 611 natae.

2092 658 2174 701 13-

1559 743 1709 794 'Izetz.
1737 749 1796 794 ad
1819 750 2051 809 Lycophr.
2089 765 2224 810 799:
2258 748 2551 812 Ἀριστοτέλης
2580 769 2706 814 φησιν
2742 755 2784 798 ἐν

1496 819 1752 878 Ἰθακησίων
1776 820 1998 885 πολιτεία,
2031 821 2279 885 Ευρυτᾶνας
2303 820 2415 874 ἔθνος
2433 824 2539 867 εἶναι
2556 842 2629 879 της
2649 825 2787 870 Αἰτω-

1498 891 1616 950 λίας,
1637 892 1874 953 ὀνομασθὲν
1896 893 1981 939 ἀπὸ
2011 892 2225 957 ΙΞυρύτου,
2245 893 2348 956 παρ’
2369 896 2433 946 οἱς
2453 899 2561 939 εἰναι
2589 903 2786 955 μαντεῖον

1495 965 1758 1018 Ὀδυσσέως.
1787 965 1852 1013 Τὸ
1877 966 1913 1011 δ’
1935 965 2038 1012 αὐτὸ
2067 965 2140 1012 καὶ
2166 964 2403 1028 Νίκανδρός
2427 984 2554 1030 φησιν
2579 969 2620 1012 ἐν
2644 970 2785 1015 Αἰτω-

1495 1036 1641 1090 λικοῒς.

2092 1112 2198 1160 132.

1562 1202 1753 1245 Photius
1773 1203 1887 1245 Lex.
1909 1217 1954 1246 v,
1986 1197 2219 1255 Σκύταλη,
2247 1211 2494 1262 postquam
2525 1202 2583 1246 de
2609 1204 2787 1261 scytalae

1495 1274 1620 1333 apud
1646 1273 2022 1318 Lacedaemonios
2052 1289 2138 1317 usu
2169 1274 2311 1330 dixit,
2343 1274 2476 1318 addit
2514 1289 2525 1320 τ
2565 1272 2788 1337 Ἐχρῶντο

1497 1346 1533 1390 δ’
1553 1346 1670 1408 αὐτῷ
1694 1345 1707 1406 (
1726 1346 1833 1390 deb.
1853 1345 1961 1411 αὐτῇ
1980 1342 1994 1408 >
2017 1344 2092 1390 καὶ
2118 1343 2257 1402 ἄλλοι,
2281 1347 2339 1398 ὡς
2358 1344 2650 1408 Ἀριστοτέλης
2669 1349 2711 1393 ἐν
2734 1349 2787 1408 τῇ

1495 1415 1747 1475 Ἰθακησίων
1772 1415 1966 1482 πολιτείᾳ
1978 1416 2051 1477 515¹
2059 1455 2068 1464 .
2086 1420 2123 1462 Ε
2139 1420 2308 1462 Photio
2323 1419 2485 1462 eadem
2505 1421 2685 1477 Suidas,
2708 1422 2790 1465 ubi

1495 1492 1665 1551 legitur
1681 1487 1753 1535 καὶ
1781 1488 1977 1546 ἀλλοίως,
2003 1492 2059 1542 ὡς
2080 1488 2169 1554 Ἀρ.
2197 1493 2234 1535 Ε
2259 1491 2399 1536 Suida
2425 1493 2638 1536 Musurus
2662 1495 2790 1537 intu-

1496 1564 1550 1606 lit
1573 1565 1623 1606 in
1643 1563 1788 1607 schol.
1813 1563 1971 1609 Aldin.
1994 1564 2135 1610 Arist.
2156 1565 2272 1607 Ran.
2303 1562 2443 1608 1283.
2463 1564 2621 1607 Videri
2646 1567 2790 1623 possit

1499 1637 1810 1680 Ithacensium
1834 1637 2191 1694 Rempublicam
2226 1637 2275 1679 in
2309 1651 2453 1695 opere
2491 1637 2786 1681 Aristotelico

1500 1709 1634 1752 fuisse
1670 1708 2071 1768 quadragesimam
2106 1708 2376 1752 secundam.
2398 1708 2668 1753 Grashofius
2699 1725 2787 1769 pro

1503 1778 1578 1840 μζ
1606 1780 1722 1825 olim
1751 1780 1887 1825 fuisse
1910 1787 2044 1840 putat
2063 1778 2168 1844 φησὶ
2199 1780 2375 1841 (aptius
2395 1782 2646 1839 conjiceres
2673 1801 2786 1842 μνη-

1501 1849 1715 1914 μονεύει).
1746 1854 1902 1897 Litera
1931 1870 1961 1912 μ
1991 1854 2152 1912 sigium
2188 1855 2549 1912 suprascriptum
2573 1855 2712 1899 habet
2743 1857 2789 1898 in

1498 1924 1607 1968 cod.
1624 1925 1724 1972 Gal.
1746 1925 1900 1968 Photii
1922 1934 1967 1968 et
1986 1925 2034 1967 in
2053 1925 2204 1968 Suidae
2230 1924 2336 1970 cod.
2362 1922 2428 1971 ν’.

2094 2016 2197 2060 133.

1490 2120 1503 2126 ·
1564 2101 1798 2147 Plutarch.
1824 2102 1910 2158 Qu.
1934 2101 2013 2146 Gr.
2036 2117 2076 2148 e.
2109 2107 2159 2155 14
2178 2136 2190 2158 ,
2209 2117 2256 2161 p.
2291 2109 2410 2163 294,
2445 2106 2486 2148 D
2511 2118 2521 2149 ε
2549 2124 2567 2143 κ
2596 2105 2720 2155 Τίνες
2749 2106 2786 2150 οἱ

1499 2173 1602 2235 παρ’
1626 2170 1880 2229 Ἰθακησίοις
1917 2170 2151 2230 Κολιάδαι;
2186 2173 2258 2219 καὶ
2283 2173 2343 2226 τίς
2371 2176 2392 2219 ὃ
2421 2172 2639 2237 (1)άγιλος;
2665 2195 2684 2216 υ
2709 2178 2787 2239 Τῷ

1503 2243 1702 2290 Ὀδυσσεῖ
1728 2242 1838 2305 μετὰ
1868 2242 1945 2301 τὴν
1981 2243 2352 2308 μνηστηροφονίαν
2378 2247 2416 2291 οἱ
2448 2246 2679 2303 ἐπιτήδειοι
2703 2251 2786 2293 τῶν

1499 2315 1762 2372 τεθνηκότων
1778 2314 2092 2375 ἐπανέστησαν,
2115 2316 2431 2380 μεταπεμφθεὶς
2450 2318 2484 2363 δ’
2504 2317 2575 2363 ὑπ’
2597 2319 2788 2382 &uperi--

1500 2407 1585 2452 ρων
1609 2386 1828 2445 διαιτητὴς
1850 2388 2148 2450 Νεοπτόλεμος
2165 2424 2177 2446 ,
2201 2389 2425 2435 ἐδικαίωσε
2443 2389 2513 2436 τὸν
2537 2389 2615 2453 μὲν
2631 2391 2787 2439 Ὀδυσ·

1500 2460 1577 2507 σέα
1617 2463 1937 2521 μεταναστῆναι
1972 2460 2048 2507 καὶ
2082 2460 2251 2525 φεύγειν
2285 2463 2333 2507 ἐκ
2368 2465 2443 2519 τῆς
2487 2465 2789 2527 Κεφαλληνίας

1500 2530 1573 2576 καὶ
1609 2531 1830 2578 Ζακύνθου
1865 2551 1938 2578 και
1963 2530 2238 2596 ’1θάκηςέφ’
2276 2531 2454 2594 αι’ματι,
2491 2533 2588 2587 τοὺς
2621 2533 2665 2581 δὲ
2702 2539 2787 2582 τῶν

1504 2604 1761 2669 μνηστήρων
1798 2604 1987 2669 ἑταίρους
2027 2604 2101 2651 καὶ
2140 2604 2318 2659 οἰκείους
2367 2605 2595 2671 ἀποφέρειν
2635 2609 2786 2665 ποινὴν

1500 2675 1700 2723 Ὀδυσσεῖ
1724 2680 1808 2722 τῶν
1835 2679 1892 2730 εἰς
1926 2677 1996 2723 τὸν
2030 2681 2144 2724 οἶκον
2177 2678 2457 2739 ἀδικημάτων
2482 2681 2576 2726 καθ’
2607 2679 2786 2727 ἕκαστον

1501 2748 1706 2796 ἐνιαυτόν.
1735 2748 1870 2803 Αὖτος
1895 2749 1947 2811 μὲ
1930 2769 1972 2795 ν
1993 2753 2066 2795 οὖν
2099 2752 2155 2804 εἷς
2179 2749 2370 2798 Ἰταλίαν
2404 2770 2504 2812 μετε
2494 2751 2610 2809 ’·στη
2643 2752 2719 2809 τὴν
2744 2754 2788 2799 δὲ

1502 2820 1651 2877 ποινὴν
1677 2823 1738 2885 τῷ
1765 2823 1848 2867 υἱεῖ
1875 2821 2161 2885 καθιερώσας,
2200 2822 2428 2888 ἀποφέρειν
2464 2823 2661 2870 ἐκέλευσε
2696 2824 2790 2878 τοὺς

1498 2960 1574 2999 diae
1607 2961 1657 2999 sit
1681 2961 1783 3000 filius
1811 2961 2008 3010 Arcisius,
2041 2961 2161 3010 hujus
2182 2963 2222 3001 et
2252 2962 2576 3002 Chalcomedusae
2599 2968 2757 3006 Laertes
2774 2996 2784 3014 ,

1500 3023 1617 3074 hujus
1632 3027 1673 3063 et
1687 3025 1875 3063 Anticleae
1896 3025 2052 3074 Ulysses
2063 3055 2074 3074 ,
2090 3025 2209 3074 hujus
2227 3027 2266 3064 et
2280 3026 2492 3076 Penelopes
2508 3027 2765 3067 Telemachus
2776 3060 2787 3077 ,

1501 3087 1620 3137 hujus
1635 3091 1675 3127 et
1699 3089 1923 3138 polyc-astes
1936 3119 1948 3137 ,
1969 3089 2146 3129 Nestoris
2161 3089 2253 3129 filiae
2265 3120 2275 3139 ,
2297 3091 2546 3140 Perseptolis.
2564 3092 2790 3131 Aristoteles

1499 3165 1592 3193 vero
1609 3154 1648 3193 in
1669 3155 1933 3194 Ithacensium
1961 3165 2043 3205 rep.
2064 3157 2104 3194 et
2128 3155 2352 3194 Hellanicus
2370 3156 2652 3195 Telemachum
2675 3158 2788 3197 aiunt

1499 3217 1733 3257 Nausicaam
1759 3218 1920 3258 duxisse
1944 3218 2097 3258 Alcinoi
2121 3218 2265 3267 filiam,
2283 3231 2331 3258 ex
2357 3230 2484 3269 eaque
2501 3221 2677 3269 genuisse
2695 3225 2788 3261 Per-

1499 3281 1682 3332 septolin.

2097 3351 2195 3390 131.

1551 3417 1780 3456 Aristoteles
1802 3417 1842 3454 in
1861 3417 2124 3455 Ithacensium
2143 3428 2223 3467 rep.
2242 3417 2338 3455 dicit.
2359 3419 2577 3467 Eury-tanes
2596 3420 2786 3469 populum

1498 3492 1583 3520 esse
1612 3480 1794 3529 AEtoliae,
1823 3481 1873 3519 ab
1905 3485 2054 3531 Euryto
2079 3482 2352 3530 nominatum,
2383 3482 2489 3532 apud
2521 3494 2667 3534 eosque
2701 3496 2787 3522 esse

1499 3545 1707 3583 oraculum
1733 3545 1891 3594 Ulyssis.

2099 3613 2197 3652 132.

1553 3679 1710 3728 Scytala
1735 3681 1880 3728 praeter
1900 3678 2220 3719 Lacedaemonios
2240 3679 2358 3718 etiam
2377 3680 2442 3718 alii
2467 3679 2698 3727 utebantur,
2729 3682 2785 3718 uti

1503 3744 1728 3783 Aristoteles
1743 3744 1798 3782 ait
1817 3744 1857 3782 in
1874 3743 2138 3782 Ithacensium
2156 3755 2237 3794 rep.

2098 3813 2200 3852 133.

1560 3880 1747 3923 Quinam
1762 3879 1865 3916 sunt
1882 3877 2003 3926 apud
2022 3878 2263 3918 ithacenses
2286 3877 2659 3926 coliadoe‚etquis
2679 3876 2786 3916 Plea-

1502 3943 1647 3992 9t'lus?
1671 3940 1870 3980 Adversus
1898 3942 2076 3990 Ulyssem
2113 3951 2324 3991 procorum
2356 3940 2406 3978 ab
2433 3940 2515 3989 ipso
2556 3942 2786 3978 necatorum

1502 4006 1708 4047 necessarii
1724 4006 1955 4045 seditionem
1977 4007 2199 4045 moverunt.
2219 4005 2375 4044 Arbiter
2387 4005 2532 4042 ascitus
2555 4003 2604 4041 ab
2620 4006 2787 4052 utraque

1502 4074 1615 4125 parte
1638 4070 1938 4119 Neoptolemus,
1952 4070 2147 4121 judicavit
2169 4068 2312 4107 debere
2336 4069 2511 4116 Ulyssem
2531 4068 2574 4104 ut
2599 4067 2787 4115 sanguine

1501 4132 1750 4184 inquinatum
1784 4135 1947 4173 exulare
1967 4133 2232 4183 Cephallenia,
2252 4131 2449 4179 Zacyntho
2469 4132 2588 4178 atque
2623 4130 2754 4168 ithaca
2773 4141 2782 4164 ε

1502 4199 1630 4238 socios
1656 4201 1790 4236 autem
1811 4201 1851 4236 et
1874 4198 2084 4237 familiares
2098 4206 2307 4245 procorum
2324 4194 2533 4243 quotannis
2553 4203 2622 4242 pro
2641 4193 2787 4232 damno

1503 4263 1558 4301 rei
1587 4261 1771 4301 familiari
1807 4262 1953 4310 Ulyssis
1985 4262 2112 4310 illato,
2146 4259 2179 4298 ei
2207 4259 2375 4309 pendere
2401 4258 2607 4296 mulctam.
2648 4260 2788 4309 ltaque

2560 4333 2614 4364 w.
