3016 4628
230 261 318 301 224

228 432 365 480 οὐδενὶ
399 431 678 498 παραδόντα,
704 431 880 498 ὕστερον
920 430 988 492 δὲ,
1017 434 1114 481 κατ’
1150 431 1286 491 ἄλλην
1313 432 1524 499 ἐμπορίαν

230 505 427 566 ἐλθόντα,
448 508 583 572 εὑρεῖν
601 510 752 554 τοῦτον
771 505 959 554 ἄθικτον.

679 622 782 671 XL.
821 622 1075 670 lAsz.

296 728 477 784 Τούτοις
517 731 595 778 οὔκ
634 727 731 788 ἐξῆν
766 730 810 776 ἐν
851 728 1007 792 γάμοις
1043 729 1215 783 πλείους
1246 730 1391 776 ἑστιᾶν
1424 727 1527 776 δέκα

232 801 308 850 καὶ
325 805 540 867 γυναικῶν
566 802 690 862 ἴσων,
719 802 814 850 οὐδὲ
834 801 998 865 γάμους
1016 802 1151 849 ποιεῖν
1179 803 1326 848 πλεῖον
1353 803 1527 866 ἡμερῶν

233 873 325 921 δύο.
364 873 662 923 Ἐπεσκόπουν
693 873 737 921 δὲ
773 873 848 922 καὶ
887 873 984 928 τοὺς
1021 873 1247 939 ὀρφανοὺς,
1276 873 1392 926 ὅπως
1424 891 1527 919 παι·

233 946 461 1007 δεύωνται,
478 946 552 995 καὶ
568 946 644 1003 τὰς
661 946 807 1002 οὐσίας
831 947 974 1002 αὐτοῖς
989 946 1248 994 ἀπεδίδοσαν
1268 945 1403 994 εἴκοσι
1423 947 1530 992 ἐτῶν

231 1019 480 1083 γινομένοις.

654 1131 783 1180 XLI.
820 1131 884 1178 ΙΚ
892 1130 1086 1178 ΑΡΙΩΝ
1097 1163 1111 1178 .

298 1244 472 1313 Ἴκαρος
496 1250 524 1304 ἡ
549 1249 675 1305 νῆσος
692 1247 949 1311 Ἰχθυοῧσσα
973 1246 1167 1292 ἐκαλεῖτο
1197 1242 1270 1292 διὰ
1294 1243 1343 1292 τὸ
1375 1242 1532 1296 κάλλος

215 1322 319 1367 ..τῶν
351 1322 393 1367 ἐν
427 1321 533 1384 αὐτῇ
561 1317 736 1384 ἰχθύων·
762 1317 868 1383 πρὸς
888 1317 942 1376 ἣν
965 1316 1137 1383 Ἴκαρος
1158 1316 1422 1382 παρέὸαλεν,
1457 1317 1530 1381 ἀφ’

237 1386 286 1440 οῧ
303 1390 378 1440 καὶ
403 1386 592 1455 τοῦνομα
615 1391 756 1456 ἔσχεν.
782 1391 836 1440 ‘O
865 1389 909 1438 δὲ
938 1395 1066 1452 μῦθος
1097 1397 1267 1457 πτεροῖς
1287 1389 1414 1437 αὐτὸν
1447 1387 1533 1435 ἀπὸ

238 1463 415 1530 Κρήτης
455 1463 582 1530 φησὶν
626 1465 775 1513 ἐλθεῖν·
823 1465 861 1510 οἱ
902 1462 972 1526 δὲ,
1013 1462 1260 1528 ἀποδράντα
1306 1460 1416 1525 μετὰ
1457 1465 1532 1508 τοῦ

236 1537 398 1602 πατρὸς
416 1537 487 1584 ἐπὶ
502 1536 718 1603 τριήρους,
737 1536 806 1585 διὰ
822 1535 871 1584 τὸ
888 1536 1021 1593 δεῖξαι
1042 1534 1117 1594 τὴν
1147 1538 1205 1591 εἷς
1225 1535 1296 1583 τὸν
1325 1533 1530 1600 λαὸύριν-

238 1614 308 1658 θον
329 1607 491 1658 εἴσοδον
510 1614 571 1676 τῷ
593 1613 751 1670 Θησεῖ.

637 1727 789 1776 XLII.
826 1727 1140 1776 ΑΡΓΙΛΙΩΝ.

307 1834 505 1901 Ἄργιλον
529 1833 601 1882 τὸν
628 1839 709 1897 μῦν
734 1836 913 1882 καλοῦσι
931 1836 1125 1901 Θρᾷκες·
1152 1828 1201 1883 οἷ
1225 1835 1442 1900 ὀφθέντος,
1457 1834 1536 1883 πό-

238 1909 305 1956 λιν
333 1908 445 1955 κατὰ
468 1908 666 1973 χρησμὸν
693 1907 864 1955 ἔκτισαν
888 1908 961 1956 καὶ
984 1907 1183 1973 Ἄργιλον
1203 1908 1453 1972 ὠνόμασαν.

600 2023 773 2072 XLIII.
811 2023 1158 2073 ΘΕΣΠΙΕΩΝ.

306 2137 439 2200 Παρὰ
456 2140 717 2187 Θεσπιεῦσιν
735 2137 914 2203 αἰσχρὸν
934 2132 985 2197 ἦν
1002 2137 1159 2202 τέχνην
1179 2141 1330 2202 μαθεῖν
1346 2137 1421 2185 καὶ
1440 2137 1537 2203 περὶ

239 2210 449 2274 γεωργίαν
477 2210 724 2275 διατρίὸειν·
751 2210 826 2257 καὶ
856 2210 925 2258 διὰ
951 2216 1076 2259 τοῦτο
1098 2211 1276 2268 πένητες
1302 2213 1340 2258 οἱ·
1367 2210 1539 2265 πλείους

240 2276 370 2348 ἦσαν,
394 2282 467 2330 καὶ
497 2282 736 2346 Θηὸαίοις,
762 2276 856 2330 οῧσι
879 2284 1120 2354 φειδωλοῒς,
1140 2283 1282 2331 πολλὰ
1307 2283 1503 2348 ὤφειλον.

315 2451 485 2490 ΤΕΑΟΣ
512 2451 614 2491 ΤΟΥ
639 2452 761 2491 ΠΕΡΙ
786 2452 1082 2491 ΠΟΛΙΤΕΙΩΝ
1109 2452 1459 2491 ΗΡΑΚΛΕΙΔΟΥ.

243 2651 399 2702 reliqui.
423 2674 475 2681 —
498 2653 709 2698 ἐπείξαντος
728 2658 796 2693 τοῦ
816 2653 900 2705 πλ.]
922 2653 1020 2699 abc,
1051 2654 1265 2700 ἐπείξαντος
1283 2654 1396 2694 αὐτὸν
1418 2668 1453 2694 τ.
1471 2654 1536 2694 πλ.

242 2710 399 2760 reliqui.
415 2733 467 2742 —
483 2711 653 2757 ἐλθόντος
680 2714 723 2753 0.
745 2713 806 2752 cf.
825 2712 875 2752 de
892 2713 1090 2763 Aphytaeis
1106 2713 1268 2752 Aristot.
1293 2714 1342 2752 fr.
1363 2718 1448 2753 158.

294 2771 375 2808 XL.
404 2768 512 2819 δέκα]
538 2774 614 2808 τῶν
631 2771 722 2809 δέκα
739 2770 778 2809 b.
802 2791 854 2804 -—
874 2770 988 2822 ἴσων]
1009 2772 1114 2811 ὅσων
1147 2773 1190 2811 0.
1207 2792 1261 2801 --
1288 2770 1453 2823 γάμους]
1481 2773 1540 2816 Α;

244 2826 368 2878 γάμον
380 2827 534 2877 reliqui.
549 2850 598 2857 —
609 2830 755 2880 πλεῖον]
773 2831 1012 2881 APabdqp;
1030 2832 1145 2870 πλέον
1161 2832 1255 2871 cett.
1269 2853 1322 2859 -—-
1336 2830 1420 2882 δύο]
1437 2831 1541 2870 ὀκτὼ

245 2887 327 2925 Ac.
348 2905 401 2914 --
429 2885 698 2937 παιδαίωνται]
727 2889 817 2936 Αο;
839 2888 1082 2928 παιδεύονται
1103 2890 1199 2928 cett.
1220 2910 1274 2918 —-
1298 2892 1355 2928 De
1377 2887 1541 2939 frugali-

245 2944 328 2982 tate
344 2943 558 2982 Iasensium
575 2944 625 2983 cf.
649 2945 791 2984 Strabo
809 2947 914 2995 XIV,
931 2957 970 2996 p.
991 2951 1082 2986 658.
1100 2946 1287 2997 (Aristot.
1307 2946 1354 2985 fr.
1381 2947 1488 2995 201.)

298 3002 398 3040 XLI.
429 3001 621 3053 Ἰκαρίων]
647 3002 935 3043 Schneidewin.
952 3019 963 3055 3
980 3004 1133 3055 Ἴκαρος
1151 3005 1289 3056 vulgo;
1310 3016 1392 3044 om.
1410 3004 1540 3055 Aabq.

249 3081 288 3088 -
306 3059 553 3111 Ἰχθυοῦσσα]
567 3062 709 3111 Coray.
724 3061 752 3100 '1
757 3062 930 3111 χθυοῢσα
947 3064 986 3102 et
1001 3063 1207 3114 Ἰχθύουσα
1223 3063 1338 3104 codd.
1352 3085 1404 3093 —
1414 3068 1490 3103 τῶν
1504 3065 1543 3104 ἐν

249 3117 345 3168 αὐτῇ
362 3116 457 3168 iffi]
477 3120 566 3166 AC;
589 3123 663 3158 τῶν
683 3120 720 3158 ἐν
737 3121 832 3170 αὐτῇ
849 3122 1058 3172 γινομένων
1079 3123 1158 3173 ἶχθ.
1181 3122 1338 3172 reliqui.
1358 3124 1417 3161 De
1431 3133 1475 3162 re
1489 3123 1542 3163 cf.

249 3174 385 3224 steph.
414 3175 507 3224 Byz.
535 3186 574 3215 v.
590 3176 761 3227 Ἴκαρος,
783 3178 931 3219 Plinius
957 3181 1005 3218 H.
1028 3182 1076 3219 N.
1098 3182 1165 3228 lV,
1187 3185 1257 3230 23;
1279 3180 1493 3220 Athenaeus
1511 3183 1545 3232 l,

251 3242 289 3281 p.
307 3236 355 3271 :30
370 3242 381 3280 ;
400 3234 450 3270 D.
466 3253 519 3260 —
531 3234 757 3284 παρέὸαλεν]
768 3237 976 3286 παρέλαὸεν
991 3240 1062 3278 ΑΟ
1071 3248 1087 3283 ,·
1102 3238 1335 3289 παρέὸαλλεν
1352 3237 1394 3278 d.
1407 3259 1460 3268 -·
1471 3239 1492 3278 ὁ
1505 3239 1544 3279 δὲ

252 3288 383 3340 μῦθος]
412 3288 516 3340 ὅμως
542 3292 622 3330 ΑΟ.
642 3312 695 3320 —
717 3291 846 3343 αὐτὸν]
879 3295 990 3340 αὐτὸς
1013 3297 1056 3334 0.
1079 3296 1215 3341 αὐτοὺς
1236 3300 1268 3337 A
1293 3295 1547 3349 -τριήρους]

251 3347 360 3397 abp,·
379 3348 539 3399 τριήρων
563 3348 717 3399 reliqui.
743 3372 795 3380 -—
817 3354 868 3397 εἷς
885 3354 947 3392 τὸν
966 3353 1068 3405 me]
1089 3357 1162 3395 AC
1171 3369 1187 3403 ;
1203 3356 1255 3400 εἷς
1275 3356 1361 3395 λαὸ.
1387 3356 1543 3407 reliqui.

304 3407 424 3445 XLll.
450 3407 488 3446 Ἀ
502 3406 584 3458 ργ.]
606 3408 849 3450 Schneidew.
864 3425 875 3460 ;
892 3412 1060 3462 Ἀργιλος
1075 3414 1216 3464 vulg03
1237 3426 1318 3454 om.
1336 3416 1466 3466 Aahq.
1494 3437 1546 3445 —

253 3463 458 3516 Ἄργαλον]
475 3468 556 3506 ΑΟ.
574 3488 626 3495 -
641 3467 703 3518 οὗ]
723 3469 777 3514 οῖς
794 3470 998 3522 Aacdeqp.
1017 3493 1070 3502 —-
1088 3488 1107 3507 «
1133 3474 1358 3523 Succurrit,
1383 3475 1546 3515 Schnei-

253 3522 435 3562 ‹lewinus
462 3525 617 3574 monet,
637 3525 792 3574 gemina
814 3528 1015 3569 historiola
1034 3531 1083 3570 de
1111 3532 1388 3583 Cretensibus,
1412 3535 1546 3574 Smin-

254 3580 350 3620 thiae
361 3580 630 3622 conditoribus
642 3594 706 3634 ap.
725 3585 849 3625 schol.
871 3590 968 3627 ven.
988 3588 1033 3628 ll.
1052 3603 1100 3638 α,
1119 3594 1168 3630 39
1185 3593 1348 3642 εΚρῆτες
1365 3592 1546 3632 ἀποικίαν

256 3638 471 3685 στέλλοντες
487 3641 660 3691 χρησμὸν
677 3641 811 3682 ἔλαῧον
828 3645 931 3695 παρὰ
948 3649 1014 3685 τοῦ
1030 3646 1256 3695 Ἀπόλλωνος
1267 3678 1279 3699 ,
1300 3650 1398 3689 ὅπου
1419 3651 1547 3696 αὐτοῖς

1336 250 1749 302 HERACLIDES.

229 362 375 416 ξαντος
390 364 464 408 τοῦ
484 362 616 420 πλοῦ,
634 359 890 407 καταλιπεῖν
911 357 956 408 δὲ
980 360 1107 408 αὐτὸν
1133 361 1176 407 ἐν
1201 362 1254 424 τῇ
1279 359 1519 408 ἀποστάσει
1600 367 1725 416 xisse,
1754 365 1863 416 quod
1896 365 2096 417 navigatio
2132 366 2391 408 acceleranda
2419 367 2494 419 ipsi
2531 367 2711 411 instaret.
2749 369 2900 412 Relicto

1600 443 1719 494 igitur
1732 443 1774 483 in
1790 442 1890 484 cella
1906 443 1999 483 vino
2010 474 2022 494 ,
2039 455 2165 495 quum
2183 445 2224 485 id
2244 445 2395 485 nemini
2411 445 2750 499 commendasset,
2766 448 2902 489 alteris
2984 492 2985 497 ,

1600 527 1783 557 reversus
1797 516 1986 556 nundinis
2004 518 2151 568 reperit
2167 518 2269 557 illud
2282 514 2495 559 intactum.

1955 597 1963 607 ’
1999 625 2101 674 XL.
2138 623 2500 674 JASENSIUM.

1654 737 1726 777 His
1741 747 1821 776 non
1837 736 1982 777 licebat
2003 736 2055 776 ad
2077 737 2238 788 nuptias
2259 737 2429 778 invitare
2454 739 2597 790 plures-
2615 750 2739 791 quam
2764 740 2905 785 deccm
2929 756 2935 794 j
2985 734 2991 790 ζ

1603 808 1711 848 viros
1732 809 1982 860 totidemque
2006 809 2196 860 seminas,
2216 821 2348 860 neque
2370 811 2604 862 nuptiarum
2630 812 2908 855 solennitatem
2986 819 2991 853 ξ

1605 882 1710 920 ultra
1741 880 1909 920 biduum
1940 881 2165 921 extrahere.
2195 881 2466 923 Advertebant
2494 883 2715 936 diligenter,
2734 895 2931 936 quo·or-·

1604 954 1726 1004 phani
1744 954 1910 994 honeste
1932 953 2216 1004 educarentur,
2237 954 2384 1005 quihus
2401 956 2687 1007 patrimonium
2704 957 2747 997 in
2765 969 2910 1001 manus

1605 1026 1818 1067 tradebant
1836 1025 2081 1077 simulatque
2098 1026 2336 1077 vigesimum
2353 1027 2484 1069 aetatis
2503 1039 2655 1070 annum
2673 1029 2910 1082 attigissent.
2934 1014 2949 1084 ἦ
2988 1021 2995 1075 ’ζ

1984 1137 2113 1186 XLI.
2150 1137 2535 1189 ICARIORUM.

1658 1251 1796 1292 Icarus
1806 1251 1935 1292 insula
1944 1252 2162 1303 antiquitus
2177 1252 2415 1303 Ichthyussa
2424 1251 2648 1305 dicebatur,
2663 1254 2774 1306 quod
2786 1231 2951 1311 pisca,
2991 1261 2996 1310 ξ

1606 1325 1895 1376 pulcherrimos
1926 1325 2113 1376 gigneret.
2148 1325 2208 1365 Ad
2230 1325 2336 1366 hanc
2361 1328 2499 1367 Icarus
2526 1327 2703 1378 appulit,
2736 1327 2846 1369 unde
2871 1326 2943 1371 et*
2991 1341 2996 1385 5

1607 1409 1754 1438 nomen
1762 1398 1926 1449 accepit.
1945 1401 1991 1438 In
2008 1398 2150 1438 fabulis
2166 1399 2225 1438 est
2232 1398 2304 1438 alis
2318 1399 2434 1438 illum
2447 1410 2499 1439 ex
2510 1401 2630 1440 creta
2642 1399 2723 1440 huc
2731 1387 2917 1443 delatum
2930 1389 2946 1442 i
2992 1391 2995 1448 ἶ

1609 1482 1707 1512 esse.
1734 1471 1809 1511 Alii
1828 1472 1992 1511 narrant
2021 1471 2134 1510 illum
2159 1471 2374 1521 fugientem
2395 1472 2549 1512 triremi
2567 1483 2663 1512 cum
2683 1473 2797 1524 patre
2826 1473 2908 1514 huc
2938 1463 2945 1486 ¹

1608 1543 1842 1593 accessisse,
1875 1554 1923 1583 eo
1953 1543 2063 1594 quod
2091 1544 2158 1584 ille
2185 1535 2339 1585 Theseo
2373 1543 2588 1586 indicasset
2617 1545 2839 1597 ingressum
2866 1546 2911 1587 in
2994 1528 3000 1591 [

1611 1617 1915 1667 Labyrinthum.
2127 1619 2129 1621 '

1954 1726 2110 1774 XLII.
2147 1726 2573 1777 ARGILIORUM.

1663 1840 1836 1880 Thraces
1851 1811 2009 1879 murem
2027 1841 2204 1890 Argilum
2225 1841 2385 1880 vocant.
2406 1841 2550 1890 ltaque
2569 1840 2678 1892 quod
2693 1839 2780 1881 viso
2803 1851 2922 1883 mure

1612 1891 1849 1983 :ilii-'bgffintex
1884 1891 2037 1930 oraculi
2076 1892 2234 1931 monitu
2272 1890 2563 1961 condidissent,
2603 1891 2785 1943 Argilum
2829 1902 2921 1935 eam

1923 2038 2101 2087 XLIII.
2129 2010 2621 2087 THESPIENSIUM.

1665 2145 1782 2196 Apud
1803 2145 2061 2196 Thespienses
2083 2137 2257 2185 dedecus
2279 2146 2365 2185 erat
2395 2145 2525 2185 artem
2555 2144 2707 2184 discere
2730 2144 2796 2184 vel
2817 2145 2934 2206 ‘circa

1619 2230 1734 2270 agros
1745 2218 1936 2258 colendos
1950 2218 2152 2268 occupari.
2170 2218 2442 2264 Quamobrem
2457 2217 2640 2268 plerique
2656 2227 2798 2271 eorum
2818 2217 2943 2269 egeni?⁴

1617 2292 1731 2331 erant
1741 2320 1754 2341 ,
1774 2291 1815 2331 et
1830 2289 2030 2331 Thebanis
2045 2300 2166 2341 parce
2180 2289 2415 2340 degentibus
2437 2290 2565 2330 multa
2581 2289 2796 2330 debebant.

1859 2450 1993 2490 FINIS
2019 2449 2342 2490 POLITIARUM
2369 2449 2690 2490 HERAGLIDIS.

1623 2652 1884 2692 ἐναντιωθῶσι
1911 2655 2082 2702 γηγενεῖς
2110 2672 2164 2682 -
2181 2651 2286 2701 ἔλεγε
2308 2652 2350 2692 δὲ
2375 2652 2462 2703 περὶ
2488 2655 2596 2703 μυῶν
2620 2670 2674 2682 -
2694 2652 2777 2693 ἐκεῖ
2794 2653 2925 2693 κτίσαι

1613 2711 1682 2757 τὴν
1698 2710 1808 2750 πόλιν
1822 2724 1831 2733 ·
1849 2712 1885 2749 οἱ
1914 2710 1955 2749 δὲ
1982 2710 2210 2750 ἀπέστειλαν
2233 2710 2321 2755 τοὺς
2344 2709 2547 2755 ἀποίκους.
2576 2710 2788 2751 Ἐλθόντων
2812 2710 2854 2751 δὲ
2871 2711 2926 2756 οἱς

1620 2769 1686 2808 τὸν
1702 2770 1987 2817 Ἑλλήσποντον
2005 2770 2070 2808 καὶ
2089 2769 2224 2816 νυκτὸς
2241 2769 2508 2820 ἐπιγενομένης
2527 2768 2617 2819 μύες
2636 2769 2783 2820 ἔκοψαν
2797 2769 2925 2809 αὐτῶν
2954 2771 2958 2774 ’

1621 2827 1709 2873 τοὺς
1725 2829 1949 2879 τελαμῶνας
1969 2831 2047 2867 τῶν
2067 2827 2212 2867 ὅπλων.
2237 2828 2347 2878 Πρωὶ
2366 2827 2406 2866 δὲ
2429 2826 2661 2872 ἀναστάντες
2685 2828 2751 2867 καὶ
2782 2825 2941 2866 eausa:

1617 2899 1723 2937 μενοι
1741 2891 1856 2926 τοῦτο
1876 2886 2130 2937 σοφισάμενοί
2149 2900 2191 2925 τε
2210 2885 2297 2925 καθ’
2314 2885 2496 2934 ἑαυτοὺς,
2525 2884 2681 2924 ἔκτισαν
2700 2885 2782 2924 ἐκεῖ
2796 2885 2924 2934 πόλιν,

1616 2943 1747 2990 ἥντινα
1759 2943 1919 2983 ἐκάλουν
1935 2943 2130 2994 Σμινθίαν·
2149 2945 2185 2982 οἱ
2197 2943 2270 2994 γὰρ
2283 2945 2428 2993 Κρῆτες
2443 2942 2533 2987 τοὺς
2552 2942 2651 2993 μύας
2666 2941 2845 2992 σμίνθους
2856 2957 2925 2983 κα-

1618 3001 1765 3041 λοῦσιν.
1788 3000 1907 3040 Prodi
1923 3002 2059 3040 autem
2085 2999 2245 3040 videtur
2259 2999 2457 3050 scriptura
2472 3009 2554 3038 non
2570 3009 2790 3049 paucorum
2805 2999 2927 3040 libro·

1617 3069 1708 3098 rum
1728 3059 1784 3105 οἷς
1801 3059 1977 3108 ὀφθέντος
1996 3060 2081 3098 κτλ.
2099 3087 2111 3107 ,
2137 3058 2169 3097 si
2185 3068 2255 3108 per
2274 3057 2457 3097 librarios
2471 3056 2669 3107 licuisset,
2690 3057 2823 3107 paullo
2837 3057 2926 3109 ple·

1617 3117 1771 3157 niorem
1802 3127 1877 3157 nos
1897 3117 2017 3157 fuisse
2032 3117 2301 3156 narrationem
2318 3114 2539 3155 Aristotelis
2554 3115 2741 3155 lecturos.
2762 3115 2925 3172 Paullu-

1616 3175 1703 3214 lum
1722 3175 1875 3215 inflexit
1901 3175 2146 3215 historiolam
2176 3175 2424 3215 phavorinus
2457 3175 2498 3213 et
2517 3173 2743 3224 Stephanus
2767 3175 2864 3224 Byz.
2884 3176 2922 3217 ’8.

1619 3243 1655 3271 V·
1677 3249 1686 3273 :
1708 3233 1876 3285 Ἄργιλος
1895 3236 1920 3281 ἡ
1945 3235 2036 3285 πρὸς
2052 3237 2107 3284 τῷ
2127 3232 2314 3284 Στρυμόνι
2335 3235 2503 3283 ποταμῷ
2518 3231 2640 3276 πόλις·
2663 3229 2870 3282 ὠνομάσθη
2883 3228 2925 3269 δὲ

1619 3291 1749 3339 ἐπειδὴ
1768 3292 1844 3332 ὑπὸ
1863 3294 2025 3343 Θρᾳκῶν
2046 3293 2067 3331 ὁ
2096 3295 2165 3343 μῦς
2193 3291 2365 3342 ’Άργιλος
2384 3291 2583 3340 καλεῖται,
2612 3287 2867 3329 σκαπτὸντων
2884 3286 2924 3327 δὲ

1619 3351 1671 3395 εἰς
1686 3351 1730 3389 τὸ
1747 3350 1939 3402 θεμελίους
1954 3350 2239 3390 καταὸαλέσθαι
2257 3353 2406 3400 πρῶτος
2426 3353 2496 3400 μῦς
2512 3348 2634 3398 ὤφθη.
2656 3362 2676 3383 u

1670 3411 1808 3449 XLIll.
1841 3407 2007 3460 Θεσπ.]
2036 3419 2119 3448 om.
2158 3407 2287 3458 Aabq.
2304 3428 2358 3436 -
2372 3406 2559 3458 γεωργίας
2577 3405 2615 3446 b.
2640 3407 2700 3446 De
2720 3414 2764 3445 re
2781 3403 2834 3444 of.
2852 3401 2924 3444 ni-

1620 3467 1790 3506 caearch.
1807 3467 1857 3507 fr.
1875 3471 1940 3515 59,
1955 3473 2020 3508 25.
2037 3466 2194 3507 Mulier.
2214 3468 2320 3506 Min.
2338 3475 2379 3516 p.
2401 3470 2477 3510 400
2492 3485 2546 3494 -
2557 3463 2663 3509 τέλος
2673 3466 2744 3502 τοῦ
2759 3461 2862 3512 (τῶν
2873 3461 2923 3512 1.)

1620 3524 1720 3576 κτλ.]
1737 3524 1838 3575 cd93
1855 3527 1959 3570 τέλος
1984 3530 2051 3573 τῆς
2070 3525 2248 3566 Αἰλιανοῦ
2267 3522 2443 3570 ποικίλης
2459 3521 2628 3574 ἱστορίας
2650 3522 2744 3567 AG,-
2763 3519 2807 3560 in
2825 3517 2922 3571 abp.

1624 3582 1864 3634 subscriptio
1883 3595 1964 3624 non
1979 3584 2053 3624 est.
