3016 4628
287 296 310 333 3
328 294 376 333 1-1
785 340 803 358 0
1270 275 1580 326 CLEABCHI
1618 272 1912 324 SOLENSIS

280 393 443 454 διαρκεῖ
480 390 583 452 πρὸς
620 386 776 452 φιλίαν.
825 383 1142 434 Καταναλίσκει
1179 382 1262 449 γὰρ
1287 386 1309 430 ὁ
1331 382 1478 447 χρόνος
1510 380 1559 429 τὸ
1633 382 1707 428 καὶ
1742 382 1964 436 πολιτικῆς
2006 375 2225 438 δυνάμεως
2263 375 2555 437 κτησάμενος,
2587 374 2634 420 οὗ
2671 375 2919 441 συνετάραξ

279 468 352 509 τοῦ
377 459 727 526 προσποιήματος
746 460 885 506 αὐτῶν
905 459 1072 524 ψεῦδος.
1099 456 1155 506 ‘O
1176 457 1213 504 δ’
1232 454 1413 521 ἐραστὴς
1428 451 1560 508 κόλαξ
1632 459 1776 499 πᾶσαν
1796 450 1874 508 τὴν
1887 448 2106 506 Ἑλλάδα,

279 534 369 582 ἐστὶ
392 532 532 598 φιλίας
555 533 610 580 δι’
634 530 750 597 ὥραν
772 529 801 588 ἢ
824 530 993 583 κάλλος.
1022 551 1042 572 »

875 617 952 663 33.

343 705 474 750 Idem
496 704 637 760 XIII,
660 720 708 765 p.
731 702 821 756 564
838 737 851 759 ,
877 705 918 747 A
942 718 951 747 :
983 698 1098 764 Πρὸς
1118 697 1320 755 ἀλήθειαν
1342 694 1454 759 γὰρ,
1478 713 1556 741 κα-

280 776 415 841 θάπερ
438 775 543 841 φησὶ
575 774 798 840 Κλέαρχος
833 775 876 821 ἐν
911 777 972 838 τῷ
995 771 1151 836 πρώτῳ
1173 773 1258 817 τῶν
1293 769 1556 834 Ἐρωτικῶν,

282 847 597 914 Λυκοφρονίδην
615 846 826 912 εἰρηκέναι
847 844 989 911 φησίν·

2945 567 2955 597 2

1696 607 1826 654 Idem
1839 610 1957 653 XIII
1968 642 1980 663 ι
1995 623 2044 667 P·
2058 606 2150 651 605
2168 640 2182 664 ,
2195 608 2235 651 D
2254 622 2265 650 :
2282 603 2444 668 Ὁρᾶτε
2454 596 2527 651 οῧν
2537 603 2611 651 καὶ
2629 605 2750 666 ὑμεῖς
2760 607 2799 652 οἱ
2817 623 2864 671 φο,
2891 599 2907 645 ”.
2946 619 2957 663 7
3000 642 3002 670 3

1631 699 1752 745 σοφοι
1766 715 1778 736 ,
1800 682 1838 726 οἱ
1859 677 1979 742 παρὰ
2006 676 2131 743 φύσιν
2152 680 2206 742 τῇ
2230 675 2458 740 Ἀφροδίτῃ
2489 675 2706 740 χρώμενοι
2732 676 2810 735 καὶ.
2829 671 2955 742 &6333
2998 702 3000 706 ,

1630 751 1800 804 ὅοῦντες
1815 752 1873 802 εἷς
1884 749 1962 806 τὴν
1972 748 2079 807 θεὸν,
2093 748 2154 809 μὴ
2168 747 2240 794 τὸν
2254 747 2381 794 αὐτὸν
2403 748 2666 812 διαφθαρῆτε
2677 748 2916 813 τρόπον(ἐο
2927 757 2933 765 ’
2946 738 2957 792 ’μ’

1629 822 1674 870 ὃν
1689 821 1926 885 Φαρσαλία
1939 819 2007 867 διὰ
2021 819 2099 877 τὴν
2114 824 2189 866 τοῦ
2202 823 2297 867 θεοῦ
2311 823 2438 881 μῆνιν
2456 821 2807 885 διασπασθεῖσα),
2819 819 2912 875 Τό,

1629 893 1712 958 γὰρ
1722 893 1795 940 καὶ
1806 895 1843 940 οἱ
1854 890 2003 945 παῖδές
2013 894 2094 939 εἶσι
2103 891 2245 949 καλοὶ,
2254 893 2311 945 ὡς
2321 890 2518 956 Γλυκέρα
2530 890 2714 958 ἔφασκεν
2725 896 2754 950 ἡ
2768 891 2926 959 ἑταίρα.
2939 913 2960 980 ,αἱ

1629 964 1726 1013 ὅσον
1745 965 1910 1012 ἐοίκασι
1927 963 2097 1027 γυναικὶ
2115 963 2286 1028 χρόνον,
2305 964 2676 1028 καθάπερῑστορεῖ
2687 962 2945 1031 KMUpXOi²

1695 1040 1828 1084 Idem
1843 1042 1984 1097 XIII,
1997 1055 2045 1099 p.
2061 1040 2174 1094 605,
2191 1040 2229 1084 E
2251 1055 2261 1083 :
2282 1035 2433 1100 Ὑμεῖς
2449 1036 2516 1094 δὲ,
2529 1029 2566 1084 ῶ
2583 1036 2805 1104 φιλόσοφοι
2819 1074 2834 1103 ‚
2850 1035 2924 1087 κδ’
2960 1039 2961 1043 ’

1634 1109 1882 1174 ἐρασθέντες
1899 1110 2004 1156 ποτὲ
2019 1111 2233 1173 γυναικῶν
2251 1109 2294 1155 ἐν
2313 1107 2452 1175 ἐννοίᾳ
2467 1107 2634 1167 λάὸητε
2649 1110 2706 1162 ὣς
2722 1107 2857 1156 dativa
2876 1109 2877 1112 ’

382 955 484 996 Οὔτε
505 956 637 998 παιδὸς
654 954 801 1004 ἄρρενος
815 983 826 1001 ,
851 953 936 991 οὔτε
959 950 1152 1001 παρθένων

379 1017 456 1051 τῶν
475 1012 733 1063 χρυσοφόρων,
752 1010 838 1048 οὔτε
853 1013 1042 1059 γυναικῶν
1064 1006 1315 1056 βαθυκόλπων

379 1071 497 1109 καλὸν
512 1071 556 1108 τὸ
576 1069 795 1119 πρόσωπον,
813 1067 906 1105 ἀλλὰ
923 1066 1083 1115 κόσμιον
1099 1064 1267 1113 πεφύκει.

380 1130 427 1169 Ἡ
447 1130 519 1179 γὰρ
535 1128 648 1170 αἰδὼς
664 1126 771 1169 ἄνθος
792 1124 1013 1173 ἐπισπείρει.

1633 1184 1724 1228 ἐστι
1763 1181 1812 1228 τὸ
1845 1184 1991 1246 τυχεῖν
2033 1180 2192 1244 μάθετε
2216 1181 2240 1204 ⁴²
2260 1181 2284 1205 ⁴²
2304 1181 2328 1205 '⁴‘
2348 1179 2561 1248 παύονται
2594 1182 2634 1228 οἷ
2668 1179 2847 1247 ἔρωτες,
2884 1189 2905 1221 ε’
2919 1210 2936 1223 ·

1631 1273 1735 1317 φησι
1756 1253 1997 1318 Κλέαρχος.
2022 1255 2092 1318 Τῇ
2122 1272 2169 1300 τε
2188 1251 2273 1318 γὰρ
2293 1251 2393 1317 περὶ
2427 1252 2505 1311 τὴν
2534 1251 2754 1318 Πειρήνην
2785 1253 2959 1319 χαλκ.

1636 1323 1705 1389 βοῒ
1728 1328 1825 1389 βοῦς
1849 1323 2039 1381 ἐπανέὸη
2053 1343 2063 1353 ·
2085 1323 2159 1371 καὶ
2179 1324 2460 1389 γεγραμμένῃ
2481 1323 2577 1372 κυνὶ
2603 1322 2894 1390 καὶ’περιστε
2908 1331 2958 1392 ἵξῃ,

345 1308 474 1352 Idem
489 1307 622 1359 XIII,
635 1321 680 1364 p.
695 1302 878 1360 573,A:
903 1297 1123 1362 Κλέαρχος
1135 1298 1172 1344 δ’
1190 1298 1233 1343 ἐν
1250 1295 1407 1361 πρώτῳ
1425 1296 1558 1361 ἘρωΙ

279 1381 406 1425 τικῶν
437 1399 454 1418 α
492 1376 629 1437 Γύγης
655 1372 835 1438 (φησὶν),
862 1375 884 1418 ὃ
915 1371 1065 1419 Λυδῶν
1093 1367 1318 1434 βασιλεὺς,
1345 1370 1392 1415 οὖ
1431 1367 1559 1431 μόνον

279 1449 376 1514 περὶ
390 1452 526 1504 ζῶσαν
539 1446 613 1503 τὴν
633 1445 845 1508 ἐρωμένην
862 1442 1109 1508 περιὸόητος
1119 1440 1303 1504 γέγονεν,
1318 1439 1560 1505 ἐγχειρίσας

279 1520 403 1567 αὑτόν
419 1539 463 1565 τε
486 1518 558 1565 καὶ
574 1517 648 1575 τὴν
673 1514 809 1580 ἀρχὴν
835 1514 971 1577 ἐκείνῃ
994 1521 1156 1572 πᾶσαν,
1175 1510 1286 1559 ἀλλὰ
1303 1512 1399 1571 καὶ,
1420 1513 1560 1559 τελευ·

278 1592 489 1649 τησάσης,
505 1588 754 1652 συναγαγὼν
774 1586 871 1640 τοὺς
885 1589 932 1633 ἐκ
944 1590 1020 1644 τῆς
1031 1585 1177 1651 χώρας
1192 1584 1355 1639 Λυδοὺς
1368 1584 1533 1638 πάντας
1545 1622 1558 1647 ,

278 1663 411 1726 ἔχωσε
454 1660 530 1722 μὲν
555 1659 713 1713 Λυδίας
749 1657 992 1720 (Μεναλίας
1027 1658 1147 1717 conj.
1179 1658 1440 1719 Schweigh.
1460 1657 1475 1719 )
1513 1656 1561 1703 τὸ

274 1740 346 1781 νῦν
365 1734 425 1780 ἔτι
447 1732 705 1794 καλούμενον
725 1735 799 1790 τῆς
817 1730 988 1795 ἑταίρας
1009 1732 1186 1791 μνῆμα,
1215 1730 1271 1782 εἷς
1293 1727 1396 1794 ὕψος
1430 1730 1558 1795 ἄρας,

273 1804 407 1862 ὥστε,
432 1802 741 1867 περιοδεύοντος
765 1805 894 1850 αὐτοῦ
917 1801 995 1859 τὴν
1026 1801 1142 1855 ἐντὸς
1176 1799 1364 1863 Τμώλου
1389 1800 1559 1866 χώραν,

272 1869 320 1922 οὗ
342 1876 391 1923 ἂν
420 1874 689 1939 ἐπιστραφεὶς
712 1874 854 1938 τύχοι,
876 1877 1060 1939 καθορᾶν
1082 1873 1129 1921 τὸ
1153 1877 1326 1935 μνῆμα,
1356 1873 1430 1920 καὶ
1449 1882 1558 1921 πᾶσι

271 1954 355 2002 τοῖς
373 1946 449 2005 τὴν
473 1946 633 1995 Λυδίαν
654 1949 838 1994 οἰκοῦσιν
863 1946 1053 1993 ἄποπτον
1079 1937 1204 1992 εἶναι.
1231 1969 1248 1987 υ

875 2026 950 2075 35.

336 2123 464 2167 Idem
483 2124 616 2178 XIII,
640 2139 687 2183 p,
716 2121 825 2182 589,
848 2125 890 2167 D
915 2137 927 2169 ε
957 2122 1172 2185 Περικλῆς
1190 2118 1272 2167 δὲὸ
1293 2119 1558 2182 Ὀλύμπιος,

271 2193 327 2246 ὥς
363 2212 464 2257 φησι
497 2192 717 2258 Κλέαρχος
750 2195 791 2240 ἐν
820 2193 976 2259 πρώτῳ
1006 2193 1278 2258 Ἐρωτικῶν,
1312 2195 1393 2258 οὔχ
1420 2192 1559 2241 ἕνεκεν

272 2265 503 2319 Ἀσπασίας
523 2269 598 2323 τῆς
617 2265 824 2331 νεωτέρας
838 2303 852 2329 ,
878 2265 988 2313 ἀλλὰ
1009 2270 1084 2324 τῆς
1110 2265 1334 2330 Σωκράτει
1359 2269 1419 2332 τῷ
1437 2269 1557 2332 σοφῷ

275 2337 604 2400 συγγενομένης,
651 2337 807 2403 καίπερ
856 2340 1106 2397 τηλικοῦτον
1145 2337 1313 2400 ἀξίωμα
1349 2338 1557 2393 συνέσεως

1632 1396 1705 1443 καὶ
1739 1396 1842 1460 χηνὶ
1874 1400 1928 1461 τῇ
1967 1395 2045 1459 μὲν
2081 1396 2215 1460 κύων,
2239 1400 2294 1462 τῇ
2323 1396 2368 1445 δὲ
2399 1395 2662 1462 περιστερὰ,
2691 1399 2745 1461 τῇ
2770 1393 2822 1450 δὲ,
2847 1414 2893 1462 χ,

1632 1470 1876 1534 προσῆλθον
1902 1468 1976 1516 καὶ
1997 1468 2294 1528 ἐπεπήδησαν·
2316 1468 2533 1534 φανέντων
2559 1467 2743 1517 δὲνπᾶσι
2769 1466 2889 1518 τούτ
2944 1460 2957 1478 '³

1634 1541 1873 1605 ἀδυνάτων,
1899 1541 2166 1601 ἀπέστησαν,
2190 1541 2384 1606 καθάπερ
2421 1540 2658 1607 Κλείσοφος
2694 1543 2718 1588 ὃ
2748 1541 2933 1602 Σηλυμρ

1633 1614 1820 1679 ὅριανός.
1844 1607 1983 1668 Οὗτος
2007 1613 2114 1680 γὰρ,
2139 1619 2216 1662 τοῦ
2244 1617 2287 1663 ἐν
2309 1613 2451 1679 Σάμῳ
2476 1613 2647 1680 Παρίου
2682 1612 2940 1678 ἀγάλματος

1633 1685 1826 1750 ἐρασθεὶς
1841 1723 1854 1746 ,
1875 1688 2149 1735 κατέκλεισεν
2175 1686 2305 1735 αὑτὸν
2326 1689 2370 1734 ἐν
2393 1690 2455 1752 τῷ
2474 1689 2588 1752 ναῷ,
2611 1688 2669 1742 ὡς
2688 1684 2937 1743 πλησιάσαεζ

1634 1759 1942 1821 δυνησόμενος·
1974 1758 2050 1807 καὶ
2075 1763 2132 1814 ὡς
2167 1759 2369 1818 ἠδυνάτει
2399 1758 2471 1807 διά
2495 1778 2542 1806 τε
2570 1757 2649 1817 τὴν
2679 1756 2937 1824 ψυχρότητξα

1632 1832 1706 1878 καὶ
1729 1831 1778 1879 τὸ
1801 1831 2030 1879 ἀντίτυπον
2055 1837 2132 1880 τοῦ
2157 1833 2299 1891 λίθου,
2321 1835 2560 1890 τηνικαῦτα
2595 1833 2673 1888 τῆς
2702 1828 2942 1894 ἐπιθυμίας

1634 1903 1824 1963 ἀπέστη,
1847 1903 1921 1952 καὶ
1941 1903 2292 1969 προὸαλλόμενος
2311 1904 2364 1955 τὸΔ
2381 1904 2557 1970 σαρκίον
2578 1901 2833 1962 ἐπλησίασε.
2924 1908 2946 1935 ’9

1698 1979 1832 2023 Idem
1872 1992 1918 2040 p,
1947 1980 2067 2037 606,
2093 1981 2128 2026 C
2157 1996 2168 2024 ε
2207 1977 2287 2026 Ἔν
2320 1975 2545 2043 Αἷγίῳδὲ
2572 1976 2724 2030 παιδὸς
2761 1973 2943 2043 ἠράσθῇ

1631 2048 1736 2114 χὴν,
1755 2053 1812 2104 ὡς
1832 2049 2058 2116 Κλέαρχος
2076 2052 2238 2115 ἱστορεῖ
2253 2052 2297 2097 ἐν
2314 2049 2476 2115 πρώτῳ
2490 2048 2758 2114 Ἐρωτικῶν.
2777 2046 2866 2097 Τὸν
2887 2044 2942 2095 δῖ

1631 2122 1770 2168 παῖδα
1790 2126 1939 2170 τοῦτον
1962 2122 2240 2188 Θεόφραστος
2263 2123 2307 2170 ἐν
2333 2124 2396 2186 τῷ
2416 2121 2642 2187 Ἐρωτικῷ
2673 2118 2950 2188 Ἀμφίλοχοὲ

1631 2194 1856 2242 καλεῖσθαί
1879 2214 1984 2261 φησι
2007 2196 2080 2242 καὶ
2099 2194 2148 2242 τὸ
2172 2194 2291 2259 γένος
2311 2192 2508 2242 Ὠλένιον
2526 2185 2652 2243 εἶναι.
2672 2219 2739 2231 —
2758 2194 2883 2241 Ibid.

1635 2267 1714 2315 Ἐν
1735 2266 1780 2314 δὲ
1803 2267 2026 2334 Λευκαδίᾳ
2043 2266 2149 2333 φησὶ
2169 2266 2394 2333 Κλέαρχος
2414 2265 2548 2320 οὕτως
2566 2268 2800 2331 ἐρασθῆναι
2816 2251 2955 2315 ἰ-αὼὲ1

1633 2340 1870 2405 παρθένου,
1911 2343 1968 2394 ὡς
1998 2340 2071 2388 καὶ
2102 2339 2176 2388 τὸν
2203 2339 2293 2404 βίον
2332 2339 2567 2402 ἐκλιπούσῃ
2607 2341 2948 2395 συναποθανε,

2950 2247 2954 2256 0

273 2546 487 2583 assentator
505 2545 564 2583 est
586 2545 625 2583 et
641 2544 824 2583 amicitiae
845 2544 1050 2584 simulator
1068 2545 1120 2584 ob
1148 2545 1276 2584 aetatis
1307 2545 1443 2585 florem
1470 2545 1554 2585 sive
1629 2548 1885 2596 consecutus,
1903 2557 2036 2586 nonne
2050 2547 2178 2586 totam
2197 2545 2455 2585 conturbavit
2471 2544 2693 2585 Graeciam?
2727 2543 2738 2555 '

276 2609 406 2648 sormae
424 2609 765 2659 pulchritudinem.
791 2626 810 2645 »
2243 2639 2316 2682 36·

869 2701 939 2741 33.

327 2788 450 2835 vere,
469 2787 797 2836 quemadmodum
825 2790 1041 2830 Clearchus
1065 2791 1120 2831 ait
1146 2790 1275 2842 primo
1295 2791 1396 2831 libro
1417 2791 1551 2831 Eroti·

279 2862 414 2890 corum
427 2881 437 2900 ,
455 2851 596 2892 dixisse
611 2854 735 2903 inquit
756 2856 1076 2907 Lycophroniden
1095 2872 1103 2894 :

1681 2741 1824 2782 Videte
1849 2742 1970 2792 igitur
1985 2753 2081 2791 vos,
2109 2740 2355 2792 philosophi,
2383 2739 2454 2791 qui
2469 2741 2614 2790 praeter
2633 2739 2821 2778 naturam
2849 2733 2937 2776 Ve-

1629 2816 1726 2846 nere
1751 2807 1977 2858 (mascula)
2002 2807 2160 2846 utimini
2184 2808 2224 2846 et
2243 2805 2353 2856 impii
2375 2805 2470 2845 oetis
2496 2803 2686 2844 adversus
2709 2800 2850 2850 deam,
2881 2808 2936 2841 nt

1631 2872 1770 2912 eodem
1791 2873 1910 2912 modo
1938 2873 2117 2923 pereatis.
2140 2875 2242 2912 Nam
2269 2872 2390 2912 etiam
2409 2869 2523 2921 pueri
2546 2869 2637 2908 tum
2663 2868 2822 2908 tantum
2843 2864 2935 2916 pul·

1631 2934 1716 2972 chri
1739 2936 1854 2984 sunt,
1876 2936 1922 2974 ut
1937 2926 2066 2974 aiebat
2085 2935 2253 2986 Glycera
2271 2932 2484 2982 meretrix,
2501 2942 2582 2982 quo
2601 2939 2731 2980 usque
2752 2926 2932 2969 mulieri·

360 2968 433 2999 hec
455 2965 783 3008 adolescentulum,
808 2979 876 3004 nec
899 2980 1057 3014 virgines
1632 2997 1707 3037 bus
1728 2997 1875 3038 similes
1896 3000 2012 3048 sunt,
2035 2997 2374 3049 quemadmodum
2399 2994 2615 3037 clearchus
2633 2993 2768 3034 refert.

364 3032 494 3056 aurum
517 3028 693 3067 gestantes
708 3050 715 3062 ,
732 3035 799 3060 nec
814 3027 980 3062 mulieres
995 3029 1132 3074 amplos
1148 3030 1248 3065 sinus
1263 3029 1439 3065 hahentes

366 3083 441 3114 tam
459 3081 606 3125 pulchra
625 3082 749 3123 facies,
767 3093 874 3127 quam
895 3086 1057 3122 modesta
1076 3087 1200 3123 decet.

369 3137 493 3172 Pudor
511 3138 608 3173 enim
627 3138 754 3176 ssorem
778 3142 961 3188 inspergit.
1121 3141 1125 3148 '

1684 3064 1767 3102 Vos
1783 3073 1903 3111 vere,
1924 3073 1949 3102 o
1974 3062 2224 3113 philosophi,
2248 3060 2404 3101 etiamsi
2433 3069 2570 3098 amore
2588 3055 2804 3108 aliquando
2824 3053 2931 3106 capt!

1633 3127 1847 3166 mulierum
1867 3127 1908 3166 in
1926 3127 2107 3166 animum
2122 3125 2359 3166 induxeritis
2374 3125 2460 3165 fieri
2482 3135 2564 3164 non
2578 3133 2692 3174 posse
2710 3123 2757 3162 ut
2770 3121 2850 3163 illis
2863 3128 2932 3173 βρ-

1632 3190 1787 3230 tiamini
1798 3222 1810 3242 ,
1827 3191 1966 3231 discite
1981 3191 2050 3213 *¹¹*
2067 3193 2222 3231 cessant
2237 3200 2397 3230 amores
2408 3219 2421 3240 ,
2447 3190 2493 3229 ut
2511 3188 2567 3228 ait
2586 3180 2815 3228 Clearchus.
2830 3176 2932 3240 Nm

1633 3258 1673 3296 et
1689 3268 1843 3297 aeneam
1868 3268 2055 3308 vaccam,
2088 3268 2181 3308 quae
2207 3256 2260 3296 ad
2287 3256 2455 3296 Pirenen
2475 3256 2560 3303 est,
2581 3253 2655 3293 bos
2671 3248 2930 3299 ecolismam,

1633 3322 1673 3360 et
1695 3332 1788 3360 cum
1808 3322 1913 3372 picta
1935 3332 2033 3362 cane
2048 3323 2101 3374 ‘et
2129 3320 2317 3360 columba
2357 3321 2398 3359 et
2428 3328 2567 3359 ansere
2593 3312 2932 3367 congrediamini,

1631 3385 1817 3426 columba
1831 3387 1871 3426 et
1882 3397 2011 3436 anser,
2027 3397 2173 3436 easque
2185 3383 2410 3425 inscendere
2425 3382 2663 3428 voluerunt;
2679 3377 2788 3430 quod
2814 3393 2820 3413 ·
2872 3392 2877 3408 ι
2901 3392 2931 3412 ι’·-

1631 3452 1716 3491 fieri
1746 3463 1826 3492 non
1854 3463 1967 3502 posse
1998 3453 2282 3503 cognoscerent
2314 3445 2475 3497 omnes,
2507 3447 2746 3493 destiterunt
2776 3459 2789 3484 z
2828 3460 2832 3476 ι
2858 3462 2862 3476 ·
2884 3457 2915 3476 ι·

1632 3515 1760 3566 ipsum
1798 3517 1918 3556 etiam
1941 3515 2135 3567 Clisopho,
2157 3526 2235 3555 usu
2255 3514 2368 3555 Venit
2391 3510 2680 3564 selymbriam.
2722 3507 2796 3548 nic
2835 3533 2844 3542 -
2860 3521 2920 3540 m·

1633 3580 1741 3619 Sami
1761 3583 1899 3631 captus
1913 3591 2050 3620 amore
2071 3581 2216 3619 statuae
2232 3589 2284 3618 ex
2301 3578 2416 3618 Pario
2430 3581 2654 3624 marmore,
2670 3570 2830 3612 inclusit
2853 3586 2900 3605 «a
2911 3585 2921 3634 j

1630 3643 1672 3682 in
1691 3643 1860 3695 templo,
1884 3643 1996 3694 quasi
2015 3654 2140 3694 quum
2161 3642 2230 3682 illa
2249 3640 2434 3692 congredi
2463 3639 2620 3691 posset,
2644 3637 2685 3676 et
2701 3644 2830 3688 quum
2858 3648 2891 3682 :a
2913 3652 2917 3667 ·

1633 3709 1763 3757 posset
1776 3707 1827 3746 oh
1842 3707 1930 3746 saxi
1945 3706 2198 3757 frigiditatem
2218 3705 2506 3755 renixumque‚
2526 3703 2616 3742 tum
2634 3697 2800 3753 quidem
2816 3695 2909 3748 cupi

879 3234 948 3274 34.

331 3321 544 3362 Clearchus
559 3325 684 3374 primo
711 3327 808 3366 libro
826 3331 1070 3381 Eroticoruin
1096 3332 1179 3373 haec
1196 3333 1331 3374 scribit
1357 3349 1366 3373 :
1387 3349 1406 3368 «
1430 3335 1558 3384 Gyges

283 3386 481 3437 Lydorum
502 3399 593 3436 rex,
614 3400 692 3429 non
715 3392 827 3431 modo
849 3394 943 3433 dum
967 3397 1117 3437 viveret
1140 3399 1309 3447 amasia,
1332 3399 1434 3438 miro
1453 3399 1557 3438 illius

282 3463 416 3491 autore
442 3453 661 3504 tenebatur,
685 3456 747 3494 cui
779 3462 816 3498 et
847 3470 928 3500 sese
954 3463 993 3500 et
1020 3463 1249 3503 universum
1281 3476 1445 3515 regnum
1469 3466 1553 3504 tra-

284 3516 459 3566 diderat;
480 3517 547 3557 sed
566 3521 606 3558 et
634 3526 758 3569 quum
790 3534 812 3561 e
828 3524 925 3564 vivis
945 3526 1012 3565 illa
1030 3527 1291 3579 discessisset,
1314 3530 1557 3580 congregatis

281 3579 464 3619 omnibus
486 3580 618 3630 Lydiae
646 3583 783 3623 incolis
799 3588 993 3628 tumulum
1011 3591 1044 3629 ei
1062 3593 1277 3643 exstruxit,
1295 3594 1362 3644 qui
1380 3593 1429 3632 ad
1450 3594 1558 3634 hunc

281 3643 386 3682 diem
401 3645 566 3683 lletaeroe
579 3646 710 3695 Lydioe
722 3653 1017 3691 monumentum
1031 3656 1263 3706 appellatur,
1274 3668 1320 3696 ea
1333 3657 1555 3708 altitudine,

283 3707 349 3755 ut,
369 3717 660 3758 quemcumque
676 3708 845 3751 tractum
865 3714 978 3753 terra:
995 3715 1095 3755 intra
1111 3719 1292 3758 Tmolum
1310 3723 1556 3770 peragraret,

283 3779 535 3820 ‹niocumque
564 3782 605 3810 se
631 3775 819 3823 verteret,
841 3781 1136 3818 monumentum
1157 3781 1252 3820 illud
1274 3783 1312 3822 in
1339 3784 1464 3823 oculis
1486 3783 1557 3823 ha-

273 2477 517 2516 mendacium
533 2478 691 2517 illorum
703 2509 714 2528 ,
733 2479 803 2528 qui
822 2478 1037 2517 amicitiam
1054 2479 1256 2519 simulant.
1277 2481 1440 2519 Amator
1456 2490 1551 2519 vero
1629 2480 1721 2519 licet
1736 2480 1957 2530 prudentiae
1973 2480 2131 2520 laudem
2144 2511 2155 2530 ,
2172 2481 2406 2530 tantamque
2421 2479 2461 2519 in
2485 2477 2835 2530 republicapoten

1632 3771 1756 3810 ditate
1780 3770 1954 3819 abstitit,
1985 3771 2026 3810 et
2059 3768 2308 3820 praetendens
2341 3765 2600 3807 carunculam
2633 3761 2812 3814 explevit

285 3831 415 3882 beret,
432 3835 612 3884 essetque
635 3834 730 3875 illud
760 3837 799 3876 in
822 3843 1032 3890 conspectu
1060 3844 1237 3884 omnium
1263 3846 1425 3896 Lydiam
1445 3847 1554 3888 inco·
1632 3834 1780 3874 dinem·

284 3893 462 3936 Ιθῐῑῑῑΰῐυ-
490 3913 507 3931 ’2
1684 3897 1784 3947 AEgii
1804 3906 1972 3947 puerum
1995 3894 2146 3935 amavit
2166 3904 2296 3943 auser,
2325 3895 2372 3934 ut
2395 3891 2611 3934 Clearchus
2631 3887 2768 3930 narrat
2809 3902 2815 3920 ι
2857 3908 2861 3919 .,
2886 3904 2893 3943 ι,

885 3976 956 4016 35,
1635 3961 1734 4000 libro
1752 3960 2002 4001 Eroticorum
2014 3989 2027 4010 ,
2045 3968 2250 4010 pueroque
2266 3957 2324 3998 illi
2338 3956 2636 4008 Theophrastus
2661 3952 2703 3994 in
2723 3955 2754 3992 Α
2767 3967 2786 3986 ι·
2807 3965 2824 3973 ·’
2849 3966 2855 3982 ·
2876 3969 2882 3981 ·

410 4070 417 4079 ‚
1634 4026 1690 4065 ait
1719 4035 1863 4065 nomen
1893 4025 2015 4065 fuisse
2048 4023 2334 4073 Amphilocho,
2359 4022 2477 4063 fuisse
2497 4023 2633 4062 autem
2658 4026 2802 4074 genero
2846 4023 2859 4049 ⁰
2885 4017 2895 4025 ‘⁴

336 4072 502 4111 Pericles
517 4073 744 4124 Olympius,
762 4078 807 4116 ut
821 4077 876 4117 ait
896 4078 1101 4119 Clearchus
1121 4081 1245 4130 primo
1262 4082 1359 4122 libro
1384 4087 1558 4126 Erotico-
1635 4090 1760 4129 nium.
2748 4127 2752 4131 ,
2864 4126 2867 4142 ¹

287 4138 1326 4205 r11m‚propterAspasiam,n0nliancjuniomn((1yri
1347 4153 1560 4201 amicam),
1589 3955 1603 4251 ι
1690 4157 1734 4194 ln
1760 4153 1954 4195 Leucadia
1981 4163 2176 4204 pavonem
2209 4152 2266 4192 ait
2296 4151 2520 4192 Clearchus
2543 4151 2635 4195 ‚tam
2668 4146 2836 4188 veheme
2870 4191 2875 4200 ἱ

275 4197 341 4236 ⁵⁶⁴¹
361 4197 465 4238 '¹¹³³‘
495 4211 584 4250 ‘¹¹¹ae
611 4212 702 4242 ⁰⁰¹⁰
730 4204 903 4255 sal‘iente
938 4209 1099 4247 500s³²⁰
1128 4212 1279 4249 versata
1309 4213 1388 4262 0³⁸,
1410 4215 1561 4255 tantam
1636 4228 1788 4258 amasse
1809 4217 2023 4269 virginem,
2040 4216 2167 4256 utilia
2186 4217 2343 4259 mortua
2364 4215 2444 4267 ipse
2463 4225 2556 4255 cum
2579 4223 2627 4254 ea
2645 4209 2846 4262 exspirare
2891 4236 2897 4243 .,
