3016 4628
213 276 307 316 464

203 381 453 443 ὠνόμασται
480 377 521 424 δὲ
551 376 663 423 κατὰ
686 376 1011 442 Θρασύὸουλον,
1034 379 1091 431 ὡς
1115 376 1491 442 Ἐπαφρόδιτος...

205 453 291 500 ἀπὸ
314 448 523 508 Δωδώνης
550 457 649 512 μιᾶς
678 453 762 497 τῶν
789 449 1048 498 Ὠκεανίδων
1064 452 1259 515 νυμφῶν.
1295 449 1495 497 Ἀκεστό-

205 525 334 590 δωρος
358 523 402 571 δὲ
423 522 508 569 ἀπὸ
531 521 735 576 Δώδωνος
761 526 833 569 τοῦ
858 521 956 575 Διὸς
978 522 1051 569 καὶ
1075 521 1303 585 Εὐρώπης.

276 598 584 655 Thrasybulus
604 605 650 641 et
665 596 962 640 Acestodorus
985 596 1043 640 de
1068 596 1229 640 iisdem
1245 597 1384 640 rebus
1403 596 1499 638 lau-

208 673 379 718 dantur
409 687 484 731 ap.
503 670 649 716 schol.
683 669 745 714 ad
775 670 832 716 Il.
851 686 908 725 π,
949 669 1042 726 276
1065 676 1111 712 et
1153 667 1275 728 2333
1311 667 1494 713 Eudoc.

201 762 250 805 p.
280 744 389 791 108.
423 759 531 801 127.
559 757 670 787 200.
694 744 857 789 Arsen.
884 756 932 800 p.
959 739 1076 795 215,
1107 749 1152 783 et
1177 741 1327 797 Etym.
1362 736 1425 781 M.
1451 753 1497 782 v.

203 816 480 872 Δωδωναῖος,
497 815 581 860 ubi
603 814 702 859 haec
723 829 737 859 :
764 812 1018 862 Δωδωναῖος
1041 813 1062 855 ὁ
1086 808 1205 860 Ζεύς.
1232 807 1412 860 Ἰλιάδος
1444 826 1498 853 π·

201 887 334 937 Zeu*
306 907 387 935 ανα
411 887 656 935 Δωδωναῖε·
678 887 719 932 ἐν
741 884 890 949 χωρίῳ
912 902 996 930 των
1019 879 1259 944 Υπερὸορέ
1262 900 1319 927 ων
1332 883 1384 943 τῇ
1409 882 1502 927 Δω.

203 961 315 1024 δώνῃ
332 957 548 1023 τιμώμενε
568 960 611 1005 ἓν
631 956 911 1021 Θεσπρωτία.
927 953 1174 1003 Δευκαλίων
1207 951 1316 1014 μετὰ
1333 951 1402 998 τὸν
1425 951 1493 999 ἐπ’

203 1034 333 1080 αὐτοῦ
352 1031 576 1096 γενόμενον
600 1028 922 1089 κατακλυσμὸν,
954 1023 1298 1090 παραγενόμενος
1331 1025 1388 1077 εἷς
1421 1022 1498 1080 τὴν

208 1100 342 1152 ”ε·Ηπ
334 1122 437 1168 ιρον,
456 1101 712 1166 ἐμαντεύετο
738 1102 779 1146 ἐν
794 1103 855 1164 τῷ
876 1094 985 1164 δρυί.
1003 1096 1213 1148 Πελιάδος
1233 1097 1277 1141 δὲ
1301 1094 1498 1160 χρησμὸν

204 1179 320 1223 αὐτῶ
345 1175 524 1234 δούσης,
549 1166 797 1227 κατοικίζει
811 1171 882 1218 τὸν
913 1169 1058 1227 τόπον,
1092 1166 1370 1232 συναθροίσας
1404 1186 1499 1221 τους

206 1225 452 1340 περίλειφθέ
455 1266 551 1300 ντας
570 1246 653 1293 ἀπὸ
669 1249 742 1291 τοῦ
761 1243 1090 1303 κατακλυσμοῦ·
1110 1239 1182 1287 καὶ
1201 1239 1287 1286 ἀπὸ
1308 1259 1383 1287 του
1402 1238 1500 1293 Διος

204 1341 279 1368 και
299 1320 526 1379 Δωδώνης,
546 1326 646 1381 μιᾶς
668 1336 751 1363 των
767 1313 1045 1375 Ωκεανίδων,
1067 1309 1281 1368 Δωδώνην
1305 1310 1383 1369 τὴν
1407 1310 1499 1375 χώ-

204 1413 281 1457 ραν
301 1391 660 1458 προσηγόρευσεν.
685 1389 774 1438 ‘H
764 1385 926 1451 ιστορία
950 1386 1070 1449 παρὰ
1096 1383 1400 1450 Θρασυὸούλῳ
1421 1384 1497 1431 καὶ

200 1463 518 1529 Ἀκεστοδώρῳ.

268 1543 434 1585 Acesto
440 1538 581 1582 dorus
592 1544 656 1580 est
667 1532 1084 1595 Megalopolitanus
1097 1568 1109 1587 ,
1123 1539 1235 1575 teste
1262 1531 1498 1591 Stephano

202 1615 310 1673 Byz.
338 1628 349 1655 :
374 1608 719 1670 Μεγαλόπολις...
742 1606 814 1669 ἀφ’
837 1598 941 1661 ἧς...
967 1601 1041 1649 καὶ
1065 1601 1498 1672 Ἀκεστόδωροςίνςο

202 1682 508 1747 Ἀκεσόδωρος>
538 1683 581 1729 Π
597 1699 613 1726 ε
628 1678 674 1744 pl
708 1677 915 1724 πόλεων
954 1675 1275 1740 συγγεγραφώς,
1306 1674 1381 1722 καὶ
1405 1678 1499 1723 Πο-

209 1755 370 1809 λύὸιος.
390 1756 603 1801 Eundem
640 1752 797 1798 laudat
831 1751 976 1795 schol.
1001 1751 1220 1810 Sophocl.
1240 1750 1362 1798 OEd.
1396 1751 1496 1798 Col.

208 1829 326 1876 1051
359 1845 370 1873 :
398 1826 678 1888 Ἀκεσόδωρος
705 1822 799 1886 (sic)
827 1819 870 1868 δὲ
897 1819 1095 1881 πέμπτον
1121 1818 1207 1867 ἀπὸ
1230 1824 1305 1867 τοῦ
1326 1820 1498 1885 πρώτου

203 1893 310 1948 εἶναί
329 1899 344 1963 (
362 1918 488 1964 φησιν
513 1897 744 1960 Εὔμολπον
763 1896 776 1958 )
799 1893 868 1940 τὸν
891 1891 967 1946 τὰς
995 1890 1168 1946 τελετὰς
1187 1892 1498 1948 καταδείξαντα

204 1969 575 2037 ypoizptovo6rwqw
565 1970 870 2024 Κατοικησαι
888 1964 930 2012 δε
944 1963 1022 2022 τὴν
1043 1964 1499 2031 Ἔλευσιναὶστορουσι

207 2047 376 2110 πρῶτον
394 2041 475 2105 μὲν
512 2040 608 2094 τους
632 2038 914 2104 αὐτόχθονας,
938 2042 1029 2085 εἶτα
1054 2039 1235 2105 Θρᾷκας
1260 2058 1358 2092 τους
1389 2038 1500 2100 μετὰ

205 2115 438 2178 Εὐμόλπου
455 2131 726 2179 παραγενομε
710 2131 823 2165 νους
836 2110 941 2176 πρὸς
956 2109 1155 2175 βοήθειαν
1181 2110 1296 2159 κατὰ
1306 2110 1378 2158 τὸν
1395 2111 1500 2175 πρὸς

203 2186 412 2254 Ἐρεχθέα
430 2186 668 2247 πόλεμον.»
660 2184 801 2248 ›.(Cf
828 2186 1098 2231 Androtion
1118 2186 1173 2232 fr.
1202 2186 1281 2240 34.
1305 2187 1422 2232 Ister
1437 2186 1496 2232 fr.

205 2262 313 2324 21.)
336 2261 570 2305 Plutarch.
598 2259 816 2304 Themist.
847 2259 902 2303 13
931 2273 942 2305 ε
967 2254 1086 2319 ’Άμα
1111 2257 1147 2304 δ’
1172 2256 1316 2323 ἡμέρᾳ
1335 2256 1501 2324 Ξέρξης

208 2333 284 2397 μὲν
314 2332 402 2379 ἄνω
437 2335 627 2390 καθῆστο
657 2330 727 2377 τὸν
754 2329 901 2377 στόλον
928 2330 1174 2378 ἐποπτεύων
1211 2330 1285 2380 καὶΙ
1309 2330 1386 2389 τὴν
1411 2351 1505 2378 πα-

207 2405 397 2471 ράταξιν,
425 2407 481 2458 ὡς
521 2403 598 2466 μὲν
623 2402 884 2465 Φανόδημός
910 2403 992 2468 (fr.
1025 2404 1107 2466 16)
1132 2423 1279 2469 φησιν,
1313 2403 1424 2469 ὑπὲρ
1450 2403 1499 2451 τὸ

205 2478 550 2570 Ἡράκλειον.Η..,
580 2480 636 2531 ὡς
682 2477 719 2523 δ’
754 2477 1085 2542 Ἀκεστόδωρος,
1121 2479 1175 2524 ἐν.
1204 2476 1389 2541 μεθορίῳ
1423 2481 1499 2535 τῆς

209 2551 490 2616 Μεγαρίδοςς
475 2549 582 2615 υπὲρ
611 2569 694 2596 των
734 2550 1011 2612 καλουμένων
1046 2548 1272 2614 Κεράτων,
1311 2553 1499 2616 χρυσοῦν

209 2625 364 2699 δίφρον
373 2622 543 2686 θέμενος
564 2642 636 2669 και
661 2625 932 2686 γραμματεῖς
947 2621 1129 2676 πολλους
1154 2621 1500 2687 παραστησάμε-

209 2717 299 2756 νος,
332 2701 390 2744 ὧν
418 2696 537 2761 ἔργον
561 2699 612 2753 ἠν
655 2695 981 2760 ἀπογράφεσθαι
1001 2693 1114 2742 κατὰ
1151 2693 1228 2752 τὴν
1269 2694 1417 2760 μάχην
1443 2694 1500 2742 τὰ

206 2768 500 2835 πραττόμενα
527 2771 599 2815 Ab
624 2769 913 2815 Acestodoro
950 2770 1140 2815 fortasse
1171 2786 1269 2815 non
1295 2770 1502 2816 diversus

208 2840 513 2899 Acestorides,
534 2845 613 2903 qui
632 2844 860 2889 referente
880 2845 1078 2888 Photio
1065 2860 1115 2888 1n
1130 2844 1252 2888 Bibl.
1266 2843 1374 2891 cod.
1401 2844 1494 2905 289

215 2926 436 2976 quattuor
451 2916 579 2960 libris
594 2917 772 2975 scripsit
786 2913 858 2963 Τὰ
895 2912 1005 2961 κατὰ
1019 2914 1143 2961 πόλιν
1182 2913 1359 2975 μυθικά.
1375 2917 1498 2960 Eun-

211 2990 320 3035 dem
337 2989 655 3034 Acestoridem
667 2990 847 3033 Tzetzes
864 2988 985 3034 Hist.
1010 2991 1115 3045 VII,
1143 2987 1239 3041 648
1263 3004 1371 3033 cum
1397 2989 1500 3034 Cte-

210 3065 273 3107 sia
290 3097 302 3118 ,
323 3062 552 3117 Iambulo‚
573 3061 779 3122 Isigono‚
800 3063 1034 3123 Rhegino,
1057 3063 1157 3106 aliis
1175 3062 1297 3106 inter
1321 3076 1400 3106 eos
1422 3077 1501 3106 re-

213 3134 319 3190 fert,
364 3134 445 3193 qui
482 3137 624 3177 multa
663 3133 940 3178 tradiderint
987 3135 1280 3181 miraculosa.
1325 3137 1499 3180 Verum

213 3204 295 3252 ’Ax
309 3203 441 3251 ε’στω
458 3222 480 3267 ρ
501 3205 542 3250 ἐν
558 3204 644 3257 τοῖς
658 3203 768 3268 Περὶ
792 3203 990 3269 Κυρήνης
1017 3206 1144 3267 apud
1160 3207 1305 3252 schol.
1330 3208 1491 3267 Apoll.

126 3338 129 3340 ι
212 3279 308 3326 Rh.
325 3279 390 3333 ΙΙ,
409 3276 500 3336 498
522 3287 794 3344 corruptum
815 3288 878 3322 est
896 3295 953 3323 ex
966 3277 1267 3343 Ἀκέσανδρος,
1282 3281 1366 3338 qui
1389 3281 1502 3324 seri-

214 3349 475 3412 ptormajus
491 3349 548 3394 de
559 3347 700 3395 rebus
709 3349 1039 3410 Cyrenensium
1054 3368 1171 3412 opus
1194 3353 1496 3399 condiderat.

655 3680 1055 3733 THESSALICA.

845 3808 878 3847 Ι.

269 3909 408 3951 Snidas
424 3908 526 3949 libro
544 3908 670 3959 primo
698 3911 755 3948 De
777 3909 893 3949 rebus
911 3910 1141 3951 Thessalicis
1163 3912 1374 3953 Chironem
1400 3916 1504 3956 lxio-

221 3976 280 4016 nis
296 3975 420 4015 filium
436 3975 476 4015 et
494 3974 654 4014 Pirithoi
671 3974 832 4015 fratrem
857 3975 973 4015 fuisse
995 3975 1103 4015 dicit.

835 4066 879 4107 2.

274 4166 415 4206 suidas
430 4166 530 4207 libro
546 4167 673 4218 primo
685 4168 741 4209 ait
758 4166 953 4210 Larissam
969 4168 1049 4220 pilo
1060 4169 1290 4212 ludentem·
1280 4183 1319 4212 in
1333 4175 1508 4215 Peneum
1585 4192 1633 4221 ac
1647 4182 1703 4222 sic
1717 4181 1878 4233 quidem
1889 4180 2032 4224 suidas
2051 4181 2158 4222 dicit
2173 4183 2325 4235 Nomen
2344 4180 2495 4222 habeta
2506 4180 2682 4233 Gyrtone
2694 4179 2848 4231 Phlegy

225 4233 388 4273 nuvium
408 4234 583 4284 illapsam
602 4245 700 4278 esse.

1430 263 1640 312 SUIDAE.

2060 413 2400 486 SUlDAS.

1642 575 1856 630 Suidam‚
1897 575 1979 632 qui
2021 573 2080 617 de
2113 575 2254 619 rebus
2290 576 2557 621 Thessalicis
2597 579 2806 638 scripsit,
2840 575 2914 635 εἷς’-

1577 648 1808 693 Strabone
1834 653 1879 690 et
1909 646 2144 704 Stephano
2175 647 2395 705 Byzantio
2435 663 2544 692 cum
2578 650 2720 696 Cinea
2750 667 2871 699 con-.-
2893 638 2917 709 3,
2958 647 2968 697 ἒ

1572 720 1706 780 jungi
1725 718 1937 764 vidimus.
1967 719 2167 777 Reliqua
2190 718 2287 777 ejus
2315 720 2570 781 fragmenta
2606 723 2704 768 haec
2728 712 2868 771 sunt:
2886 713 2921 755 ⁸⁴-

2000 843 2458 893 ΘΕΣΣΑΛΙΚΑ.

2207 969 2248 1000 1.

1962 1060 2003 1107 E
2035 1060 2223 1109 LIBRO
2252 1062 2470 1111 PRIMO.
2966 1108 2970 1131 ,Ι

1642 1173 1803 1221 Schol.
1840 1176 1998 1236 Apoll.
2024 1176 2184 1224 Rhod.
2220 1179 2490 1234 11,1231:
2529 1179 2716 1236 Σουίδας
2748 1179 2797 1230 δὲ
2825 1182 2873 1232 ἢ
2903 1143 2931 1179 ί

1575 1244 1735 1310 πρώτῳ
1758 1247 2045 1294 Θεσσαλικων
2073 1246 2146 1294 τὸν
2172 1247 2371 1313 Χείρωνα
2399 1249 2571 1306 Ἰξίονος
2594 1244 2703 1302 εἶναι
2735 1253 2875 1306 παῖδά
2900 1294 2931 1314 -,

1577 1337 1722 1382 φησιν,
1738 1319 1982 1383 αοελφονδ
2006 1319 2246 1385 Πειριθόου.
2268 1323 2452 1383 IdemI‚
2472 1324 2599 1372 555.
2587 1326 2805 1383 Σουιδας
2826 1329 2885 1376 ἐν
2924 1367 2930 1382 4
2971 1358 2976 1369 .

1574 1392 1862 1446 Θεσσαλικοῒς
1889 1411 2048 1478 φησιν...
2039 1391 2208 1448 Ἰξίονος
2229 1393 2318 1441 υἱὸν
2342 1400 2450 1443 εἰναι
2477 1396 2757 1462 Χείρωνα,”
2725 1418 2874 1467 ωσπερ
2900 1407 2906 1427 ³
2971 1399 2975 1454 ζ

1576 1463 1650 1511 καὶ
1675 1462 1771 1519 τους
1795 1464 1973 1520 λοιπους
1991 1468 2075 1512 τῶν
2099 1465 2375 1532 Κενταύρων.
2972 1460 2974 1467 ’

2200 1593 2246 1623 2.

1645 1665 1853 1711 Eustath.
1885 1664 1947 1709 ad
1977 1665 2139 1725 Odyss.
2172 1665 2262 1725 ζΡ.
2306 1665 2425 1720 1554
2453 1683 2463 1711 :
2501 1654 2681 1721 Σὸυίδας
2702 1671 2804 1730 γοῦν
2825 1668 2870 1715 ἐν

1573 1736 1636 1800 τῷ
1661 1735 1703 1781 α’
1726 1735 1854 1801 φησὶν
1875 1737 1932 1789 ὡς
1959 1740 1987 1794 ἡ
2018 1735 2219 1800 Λάρισσα
2246 1737 2527 1802 σφαιρίζουσιν
2555 1738 2670 1804 πίλῳ
2691 1739 2870 1788 ὤλισθεν

1573 1809 1631 1862 εἷς
1655 1806 1726 1856 τὸν
1748 1807 1947 1865 Πήνειον.

2205 1904 2248 1949 3.

1922 2035 1959 2080 E
1996 2034 2185 2082 Lisssso
2216 2020 2524 2084 SECUNDO.

1641 2165 1797 2210 Schol.
1815 2165 1971 2225 Apoll.
1994 2166 2086 2210 Rh.
2105 2167 2167 2222 11,
2196 2163 2317 2210 1025
2345 2181 2355 2212 :
2377 2163 2554 2231 Ἱερὸν
2578 2166 2623 2212 δ’
2646 2158 2763 2214 αὖτ’
2785 2167 2874 2216 ἐπῖ

1575 2236 1747 2283 τοῖσιν
1776 2234 1918 2299 ὄρος]
1946 2233 2079 2301 Ὅρος
2096 2235 2207 2284 οὕτω
2224 2236 2489 2300 καλούμενον
2515 2238 2566 2287 τὸ
2595 2243 2781 2298 καθῆκον
2816 2242 2876 2296 εἰς
2911 2227 2944 2303 ‘'i-'¹‘

1575 2309 1646 2356 τὸν
1668 2307 1865 2364 Εὔξεινον
1885 2307 2091 2358 πόντον...
2113 2309 2346 2372 Μέμνηται
2369 2312 2496 2359 αὐτοῦ
2518 2311 2592 2359 καὶ
2609 2313 2806 2371 Κτησίας
2828 2315 2874 2362 R
2891 2324 2946 2374 gf,

1575 2385 1638 2448 τῷ
1652 2382 1691 2428 α’
1712 2382 1933 2447 Περιόδων
1949 2383 1962 2447 (
1973 2385 2031 2429 fr.
2058 2385 2138 2447 93)
2153 2383 2228 2431 καὶ
2243 2384 2427 2440 Σουίδας
2445 2386 2487 2432 ἐν
2507 2387 2545 2450 β’
2564 2387 2662 2451 περὶ
2678 2386 2879 2442 rebels·-
2895 2410 2917 2422 ·
2938 2387 2949 2456 ζ

1576 2454 1778 2518 γομένους
1796 2454 2042 2518 Μάκρωνας
2055 2474 2066 2485 ·
2100 2456 2403 2522 ἀκριὸέστερον
2427 2457 2472 2505 δὲ
2493 2462 2515 2506 ὃ
2535 2458 2724 2522 Ἀγάθων
2742 2461 2791 2507 ἐν
2810 2461 2874 2509 τῶ
2944 2463 2953 2498 ἶ

1575 2533 1650 2575 τοῦ
1675 2527 1844 2578 Πόντου
1873 2527 2102 2594 Περίπλῳ,
2128 2528 2172 2583 ὃς
2194 2529 2269 2577 καὶ
2288 2528 2323 2595 ρ’
2349 2529 2526 2594 ἀπέχειν
2549 2531 2746 2587 σταδίους
2769 2507 2875 2581 aim}
2896 2523 2919 2583 Τ,

1576 2620 1680 2667 φησι
1700 2605 1775 2659 τῆς
1804 2604 2142 2666 Τραπεζοῦντος.
2167 2606 2278 2650 Haee
2305 2613 2487 2665 sumpta
2521 2621 2578 2650 ex
2604 2607 2873 2652 narratione

1576 2676 1635 2720 de
1656 2676 1956 2736 expeditione
1991 2679 2385 2739 Argonautarum.
2414 2679 2663 2739 Sequentia
2696 2695 2723 2725 e
2744 2679 2876 2726 libris
2914 2666 2924 2683 ‘

1575 2750 1777 2795 incertis.

2204 2845 2249 2892 I}-

1642 2925 1811 2970 Strabo
1829 2926 1939 2981 VII,
1967 2941 2018 2984 p.
2050 2925 2144 2984 329
2162 2934 2208 2970 et
2223 2925 2442 2985 Stephan.
2463 2926 2570 2985 Byz.
2594 2941 2641 2974 v.
2661 2922 2870 2983 Δωδώνη.

1577 2998 1694 3044 Vide
1719 2999 1868 3043 Cineae
1891 2997 1948 3042 fr.
1975 2998 2001 3048 3
2028 3006 2074 3043 et
2099 3003 2146 3051 4.
2919 2995 2937 3013 '³

2198 3084 2241 3130 5.
2861 3127 2871 3137 .

1641 3173 1799 3220 Schol.
1824 3173 1965 3217 Paris.
1993 3173 2151 3233 Apoll.
2179 3173 2270 3219 Rh.
2291 3174 2337 3228 Ι,
2364 3170 2423 3229 57
2455 3188 2465 3217 :
2495 3173 2792 3236 Γυρτῶνα,
2818 3159 2893 3231 ἢνιἸ
2936 3187 2945 3215 ι·

1577 3242 1777 3309 Ὅμηρος
1800 3244 2030 3307 Γυρτώνην
2065 3242 2199 3308 λέγει.
2226 3241 2358 3292 Ἔστι
2383 3243 2427 3290 δὲ
2452 3242 2574 3298 πόλις
2596 3242 2872 3309 Θεσσαλίας,

1578 3316 1692 3363 κατὰ
1738 3316 1782 3363 δὲ
1822 3316 1990 3400 ετέρους
2008 3315 2356 3399 Περαιὸοίας(1.
2385 3315 2700 3400 Περραιὸίας).
2720 3315 2850 3368 Οὕτω

1576 3380 1698 3436 Ἴδας
1738 3380 1944 3445 (1.οῧτω
1979 3381 2190 3446 Σουίδας)
2228 3380 2376 3447 φησίν.
2417 3381 2673 3445 Ὠνομάσθη
2708 3381 2753 3430 δὲ
2789 3337 2919 3440 ἀπῖ-

1579 3452 1806 3519 Ιυρτώνης
1828 3457 1900 3513 τ’ῆς
1917 3455 2015 3504 Φλε
1996 3454 2138 3519 εγύου.
2164 3458 2222 3501 In
2243 3457 2390 3504 schol.
2415 3457 2544 3519 vulg.
2566 3456 2720 3502 Suidae
2740 3471 2915 3565 ιιιοιι-,εἒ

1578 3531 1645 3573 tio
1673 3531 1853 3575 omissa
1945 3547 1948 3550 ·

2867 3632 2912 3678 ἐν.

2199 3679 2242 3720 3.

1631 3772 1778 3812 Montis
1796 3772 1899 3812 sacri
1915 3772 1963 3813 ad
1979 3773 2149 3812 Pontum
2166 3771 2369 3812 Euxinum
2387 3772 2570 3812 meminit
2584 3772 2706 3812 etiam
2721 3741 2912 3814 (ΕΜ

1582 3837 1682 3877 libro
1707 3837 1823 3888 primi
1846 3837 1999 3878 Periodi
2015 3839 2056 3878 et
2071 3837 2212 3878 suidas
2227 3837 2328 3877 libro
2343 3836 2542 3889 secundo,
2557 3837 2609 3878 ad
2623 3839 2872 3890 Mam-onum,

1582 3911 1683 3952 quos
1702 3902 1871 3951 vocant,
1890 3901 2087 3952 regionem
2103 3902 2224 3942 situm
2239 3911 2324 3942 esse
2341 3900 2529 3942 dieentes.

2126 4006 2248 4066 ‚⁵-

1636 4118 1813 4169 Gyrton,
1827 4117 1923 4158 urbs
1934 4117 2158 4166 Thessaliae,
2172 4117 2390 4158 secundnm
2402 4117 2501 4158 alios
2515 4127 2608 4157 vero
2621 4104 2871 4165 Perrhaebia
