3008 4542
168 234 184 276 *ο

211 273 306 315 550

207 376 440 418 habuisset
459 374 698 417 Eusebius.
725 376 786 417 At
805 374 892 417 tale
909 372 1024 431 quid
1041 388 1142 417 mea
1161 373 1386 416 sententia
1404 387 1502 416 non

210 448 330 491 soret
350 447 437 490 viri
461 446 736 506 negligentis
750 478 761 500 ‚
788 444 869 490 sed
889 446 970 504 qui
990 444 1098 489 data
1123 459 1265 504 opera
1283 444 1504 504 stupidis-

209 521 372 563 simum
398 532 444 562 se
476 518 695 561 exhibere
715 518 948 563 voluisset.
983 542 1040 549 -
1072 516 1325 575 Quomodo
1349 530 1423 559 res
1457 529 1502 558 se

208 591 375 635 habeat
408 591 504 648 ipse
532 590 756 635 Eusebius
789 606 845 635 eo
880 589 1083 644 indicat,
1123 588 1253 647 quod
1286 587 1503 645 dynastiae

211 663 381 722 quintae
411 663 616 721 primum
648 676 807 722 regem
837 663 973 721 ponit
1009 663 1141 715 eum,
1174 660 1256 718 qui
1283 659 1503 703 Africano

211 742 275 778 est
305 735 484 793 primus
501 748 585 777 rex
615 734 835 793 dynastiae
859 742 995 777 sextae
1017 748 1026 776 :
1053 733 1194 792 igitur
1223 738 1389 789 quarta
1413 729 1504 788 dy-

209 808 352 851 nastia
377 807 515 850 etiam
539 821 669 866 reges
689 806 801 865 dyn.
829 807 1001 864 quintae
1027 804 1297 861 complexus
1316 811 1382 845 est
1397 835 1408 855 ,
1428 817 1506 845 re-

209 894 287 939 ges
327 882 479 923 autem
525 879 767 937 utriusque
807 878 1025 937 dynastiae
1065 875 1190 935 apud
1234 874 1505 918 Africanum

209 961 314 996 sunt
332 951 678 1011 septemdecim.
700 951 915 994 Totidem
932 949 1168 992 Eusebius.
1189 947 1257 992 De
1275 961 1505 990 annorum

210 1025 413 1068 numeris
437 1024 569 1068 aliter
594 1025 798 1068 statuisse
840 1022 992 1066 debet.
1015 1022 1060 1064 Si
1084 1021 1246 1080 primis
1273 1027 1382 1062 octo
1428 1034 1507 1067 re-

210 1097 344 1157 gibus
378 1113 485 1141 cum
518 1097 738 1142 Africano
779 1095 908 1139 dedit
941 1109 1086 1138 annos
1124 1097 1240 1149 274,
1275 1093 1508 1150 sequentis

211 1169 429 1229 dynastiae
467 1170 656 1229 regibus
690 1169 1020 1226 relinquuntur
1055 1167 1164 1210 anni
1205 1173 1321 1222 174,
1360 1180 1506 1223 quum

211 1257 289 1301 ap.
318 1241 587 1286 Africanum
611 1242 701 1284 sint
728 1239 838 1291 248.
878 1238 970 1283 Sed
1003 1238 1297 1297 probabilius
1320 1238 1382 1280 ita
1417 1245 1506 1280 sta-

211 1314 329 1368 tuit,
364 1323 415 1357 ut
449 1315 621 1371 quintae
661 1304 892 1371 dynastiae·
918 1310 1106 1369 regibus
1140 1308 1325 1353 dederit
1361 1323 1507 1352 annos

212 1384 334 1444 248,
377 1395 551 1444 quartae
582 1394 735 1428 autem
768 1399 843 1430 an.
885 1398 994 1427 200.
1024 1383 1098 1427 Sic
1129 1381 1254 1425 enim
1290 1381 1507 1439 proxime

211 1458 389 1501 accedit
407 1458 466 1501 ad
485 1458 758 1511 Barbarum,
786 1457 882 1514 qui,
901 1455 1169 1499 Africanum
1187 1463 1233 1497 et
1257 1453 1505 1497 Eusebium

212 1540 386 1575 temere
397 1532 613 1586 miscens,
637 1538 811 1588 quartae
833 1528 1050 1587 dynastiae
1067 1527 1232 1571 tribuit
1251 1526 1507 1586 septemde-

210 1607 300 1646 c1'm
318 1618 450 1663 reges
470 1612 515 1646 et
535 1617 680 1646 annos
702 1616 727 1644 2
740 1617 755 1643 1
768 1606 791 1653 4
817 1615 830 1660 3
854 1601 1029 1659 quintae
1045 1614 1159 1643 vero
1178 1613 1309 1657 reges
1334 1613 1389 1642 21
1421 1597 1500 1657 (31

211 1691 300 1719 suae
325 1677 496 1734 quintae
516 1675 684 1718 Euseb.
712 1673 837 1733 dat),
858 1687 1004 1716 annos
1033 1670 1144 1717 258.
1176 1671 1360 1715 Diutius
1381 1670 1507 1713 tricis

214 1752 336 1795 hisce
360 1751 584 1794 inhaerere
605 1749 756 1793 taedet.
1027 1783 1034 1792 s

277 1823 347 1869 De
368 1825 563 1884 singulis
585 1822 784 1880 regIbuS.
809 1847 874 1853 „-
898 1822 918 1863 1
945 1829 989 1863 et
1009 1822 1067 1863 ΙΙ.
1093 1822 1222 1863 Duos
1245 1834 1376 1879 reges
1414 1833 1504 1876 po-

211 1905 406 1940 stremos
430 1896 648 1954 dynastiae
674 1894 815 1937 tertiae
837 1894 988 1936 alieno
1018 1893 1123 1935 loco
1149 1893 1326 1950 positos
1348 1891 1406 1936 ad
1418 1892 1505 1934 ini-

213 1971 326 2014 tium
353 1968 570 2027 dynastiae
596 1975 770 2026 quartae
796 1962 1103 2010 deducendos?
1121 1979 1214 2009 esse
1248 1979 1387 2024 supra
1412 1963 1507 2021 jam

211 2043 494 2087 monuimus.
521 2041 720 2084 Nomina
740 2048 846 2083 sunt
866 2054 881 2081 :⁷

563 2141 784 2200 Sephuris
811 2150 856 2184 et
879 2138 1152 2197 Kerpheres.

214 2265 315 2309 quae
337 2249 649 2309 probabiliter
672 2249 926 2293 Bunsenius
950 2262 998 2305 p.
1030 2260 1117 2302 127
1145 2245 1361 2289 emendat
1385 2246 1446 2289 ita
1472 2261 1482 2289 t

443 2330 712 2389 Sechulfiis,
758 2346 833 2376 an.
869 2329 929 2373 30
950 2332 1041 2400 l:
1066 2359 1122 2404 56

443 2397 726 2456 Knephems,
767 2411 840 2441 an.
870 2395 959 2456 265
1134 2397 1142 2404 '

214 2476 355 2535 Apud
375 2477 727 2520 Eratosthenem
746 2475 887 2535 primi
904 2483 1151 2533 ponuntur
1181 2489 1189 2515 :

410 2554 614 2614 Saophis
637 2555 682 2607 I,
736 2570 811 2598 an.
843 2569 903 2612 29
989 2584 1067 2631 56·

411 2620 613 2682 Saophis
633 2623 715 2674 II,
740 2635 815 2663 an.
846 2635 903 2676 27

278 2708 417 2752 Vides
460 2722 685 2752 summam
733 2722 965 2751 annorum
1007 2706 1207 2750 eandem
1247 2720 1339 2749 esse
1383 2703 1512 2764 apud

215 2792 484 2840 utrumque.
512 2784 570 2826 In
592 2782 835 2826 annalibus
875 2782 1099 2841 AEgyptiis
1128 2780 1276 2824 notati
1305 2779 1509 2826 fuerint:

217 2871 277 2914 ²9
291 2856 418 2912 anni,
436 2871 463 2898 x
486 2871 649 2898 menss.
675 2864 716 2904 ><
738 2854 854 2898 et26
876 2855 1037 2909 annigx
1051 2869 1243 2908 mens5.3
1265 2868 1382 2911 quos
1398 2854 1513 2897 alter

215 2927 276 2973 ad
303 2927 363 2971 30
390 2936 436 2971 et
462 2928 521 2971 26
539 2962 550 2982 ,
576 2928 691 2970 alter
715 2926 774 2971 ad
802 2942 862 2985 29
884 2936 930 2970 et
955 2941 1015 2984 27
1037 2941 1183 2970 annos
1205 2926 1411 2985 integros
1433 2941 1513 2969 re—

216 3014 383 3044 vocare
397 3000 570 3059 potuit.
591 2999 732 3056 Quod
749 3000 940 3042 nomina
957 2999 1133 3053 attinet,
1153 2997 1375 3056 Sesuplzis
1388 2997 1511 3041 idem

217 3082 283 3116 est
331 3071 462 3130 quod
495 3070 685 3130 Suphis,
732 3070 930 3130 Saophis
951 3104 963 3125 ‚
1001 3069 1192 3129 Sophis‚
1239 3069 1514 3127 AEgyptiace

217 3140 395 3189 Caum.
443 3144 637 3202 Saophis
668 3142 896 3186 secundus
931 3139 1210 3203 (Σενσάωφις
1242 3141 1405 3198 603Γ.,
1426 3142 1509 3184 ubi

217 3216 390 3275 syllaba
427 3215 507 3261 Σεν
534 3215 844 3258 fortasse-non
875 3223 978 3257 orta
1013 3223 1080 3257 est
1114 3228 1168 3256 ex
1212 3212 1514 3256 antecedente

219 3284 520 3346 ἑὸασίλευσεν)
541 3289 589 3330 in
608 3288 920 3330 monumentis
937 3294 1002 3330 est
1014 3287 1422 3344 CHNEMU-CHUFU,
1444 3286 1513 3327 in·

219 3360 402 3405 terdum
428 3361 566 3404 etiam
600 3360 750 3402 solum
775 3374 1037 3418 cognomen
1070 3359 1264 3417 ponitur
1295 3358 1512 3403 CHNEMU.

219 3435 323 3478 Hoc
343 3442 535 3477 notatur
559 3433 700 3475 ariete
720 3466 733 3487 ‚
761 3432 892 3491 signo
926 3431 1002 3475 dei
1031 3431 1238 3475 Thebani
1254 3463 1266 3486 ‚
1309 3430 1506 3483 Chemu‚

219 3507 366 3560 Num,
410 3504 599 3564 Kneplz‚
645 3503 883 3548 Chnumis.
921 3506 1010 3549 Vix
1043 3504 1187 3564 igitur
1216 3500 1415 3546 dubium
1445 3511 1512 3546 est

222 3579 337 3636 quin
377 3591 641 3637 cognomen
679 3577 800 3634 regis
836 3576 1054 3620 Manetho
1094 3575 1367 3634 expresserit
1397 3588 1514 3618 voce

220 3650 506 3710 Kneplzeres,
564 3649 595 3693 i.
643 3663 684 3691 e.
723 3647 964 3706 Kneplz·re
1021 3647 1159 3708 (rex)
1196 3663 1229 3691 s.
1274 3645 1513 3706 Cneplz-rd.

220 3723 350 3766 Idem
370 3736 545 3765 nomen
565 3719 694 3779 apud
719 3719 1014 3764 Herodotum
1042 3729 1087 3763 et
1110 3719 1378 3764 Diodorum
1403 3719 1521 3763 abiit

222 3796 268 3837 in
307 3794 544 3854 Kephren,
579 3807 719 3851 quem
752 3792 1022 3836 Herodotus
1050 3792 1239 3836 fratrem
1270 3801 1316 3836 et
1338 3807 1518 3838 succes-

221 3883 370 3910 sorem
402 3867 516 3910 dicit
539 3865 744 3924 CheopIs,
777 3865 808 3910 i.
833 3880 874 3908 e.
901 3863 1074 3919 Chusa.
1099 3867 1189 3908 Pro
1219 3863 1399 3923 Cheope
1422 3866 1516 3908 He·-

222 3938 380 3982 rodoti
417 3938 656 3981 Diodorus
700 3934 769 3995 (Ι,
809 3934 902 3994 634)
937 3936 1070 3979 affert
1114 3933 1307 3995 Χέμμιν,
1353 3952 1388 3979 s.
1426 3933 1516 3981 Χέ·

225 4028 319 4068 μνιν
342 4027 375 4056 5.
415 4007 583 4069 Χέμὸιν
605 4025 639 4054 s.
663 4005 867 4068 Χέμὸην.
893 4008 949 4053 Id
967 4024 1080 4053 vero
1099 4023 1344 4068 perperam
1362 4007 1518 4053 fecisse

224 4082 426 4137 videtur,
455 4098 599 4139 quum
629 4082 820 4126 nomina
845 4081 978 4125 allata
1011 4082 1121 4124 item
1151 4080 1414 4137 exprimant
1437 4095 1517 4123 co-

224 4153 426 4213 gnomen
455 4152 611 4210 Clmfu
629 4153 817 4197 secundi
831 4188 839 4207 ‚
871 4151 1075 4210 ideoque
1103 4150 1323 4196 Chemmis*
1346 4166 1517 4195 nomen

199 4236 205 4242 ’
227 4241 385 4270 revera
405 4242 501 4269 non
524 4226 754 4270 diversum
779 4226 834 4268 sit
859 4240 884 4269 a
907 4225 1096 4267 nomine
1121 4222 1351 4281 Kephren.

1156 263 1575 311 MANETHoNts
1615 262 2008 311 SEBENNYTAE

1645 373 1735 430 Qui
1748 381 2005 432 sequuntur
2024 373 2151 434 apud
2165 373 2496 418 Manethonem
2515 389 2525 417 τ
2545 373 2668 418 Son's
2679 383 2756 422 an.
2778 389 2872 436 ²93

1577 444 1752 504 Suphis
1775 446 1799 489 1
1814 479 1828 504 ‚
1850 460 1922 490 an.
1950 445 2034 503 633
2058 445 2232 506 Supkis·
2251 447 2297 489 ΙΙ
2317 455 2394 490 an.
2416 439 2507 507 663
2531 447 2564 489 ii
2582 462 2682 491 nou
2701 447 2873 493 diversi

1578 525 1684 560 sunt
1721 518 1779 561 ab
1813 517 2215 573 antecedentibus,
2250 525 2518 577 temereque
2534 519 2603 575 ¹in
2631 521 2873 564 cumulum

1579 589 1628 633 h.
1655 589 1688 633 l.
1715 591 1905 650 aggesti.
1933 591 2116 636 Scilicet
2142 590 2285 652 Σῶρις
2317 599 2384 634 est
2414 590 2580 654 Σῶφις,
2602 595 2877 651 permutatis
2984 624 2995 642 2.

1581 662 1776 709 literisP
1790 663 1891 710 εῑΦ
1907 660 1980 726 (ἶ);
2001 663 2144 726 Σῶφις
2156 678 2269 707 vero
2282 663 2405 707 idem
2429 663 2561 722 quod
2579 663 2765 728 Xat'iicpic.
2779 668 2871 710 Ae·
2926 691 2930 694 ·
2985 653 2995 738 Ξ

1583 733 1707 778 cedit
1746 735 1879 794 quod
1914 737 2039 781 Soris
2069 738 2179 780 anni
2228 751 2289 795 29
2329 736 2616 795 respondent
2646 739 2776 782 annis
2811 753 2872 798 ²9
2941 732 2945 736 ¹
2986 757 2993 811 ζ

1583 806 1778 865 Saophis
1809 809 1951 867 primi
1988 824 2066 868 ap.
2105 808 2476 853 Eratosthenem.
2515 808 2687 868 Suphis
2714 811 2762 854 II
2794 825 2871 870 ap.

1582 878 1703 924 Man.
1728 879 1870 924 habet
1893 896 2038 926 annos
2056 881 2133 926 66.
2154 881 2247 926 Sed
2269 890 2395 925 recte
2410 914 2422 936 ,
2452 891 2569 940 puto
2586 916 2599 940 ‚
2619 883 2876 927 Bunsenius
2944 888 2947 891 ’

1582 953 1749 1010 reponi
1778 952 1914 1010 jubet
1946 952 2006 998 56
2043 970 2054 998 ε
2090 969 2260 1012 nempe
2293 954 2759 1012 comprehenduntur
2782 957 2872 1001 hoc
2950 961 2952 966 “
2989 1002 2994 1012 ,

1582 1038 1778 1067 numero
1800 1025 1909 1068 anni
1939 1026 2059 1086 regis
2082 1027 2342 1084 utriusque.
2372 1025 2513 1083 Quod
2529 1025 2626 1083 jam
2649 1035 2759 1072 aute
2774 1029 2873 1072 Ma-

1582 1096 1834 1140 nethonem
1871 1097 2043 1142 factum
2075 1113 2169 1142 esse
2199 1098 2374 1158 probat
2407 1098 2699 1154 Herodotus,
2733 1111 2875 1159 quem
2946 1138 2957 1148 .
2990 1088 3001 1150 ’.

1582 1167 1630 1210 in
1654 1168 1722 1211 his
1744 1170 1953 1228 sequitur
1967 1170 2225 1225 Diodorus,
2252 1170 2334 1229 qui
2348 1170 2527 1229 Cheopi
2542 1171 2708 1215 tribuit
2730 1183 2882 1217 annos

1585 1236 1644 1282 50
1661 1274 1674 1296 ,
1697 1241 1941 1300 Kephreni
1955 1246 2069 1286 vero*
2089 1257 2237 1287 annos
2258 1240 2336 1288 56.
2358 1241 2554 1287 Accedit
2575 1242 2708 1301 quod
2725 1244 2762 1288 si
2785 1259 2880 1304 pro
2953 1238 2958 1243 ’
2992 1223 2999 1274 i

2993 1305 2999 1322 i

1584 1310 1644 1355 66
1670 1315 1987 1358 numeraveris
2008 1313 2092 1370 56,
2117 1329 2295 1358 summa
2323 1328 2557 1358 annorum
2573 1314 2794 1374 dynastiae
2811 1317 2876 1360 IV

1583 1393 1649 1427 est
1683 1380 1806 1442 274,
1842 1387 1912 1430 uti
1940 1402 2035 1431 esse
2066 1387 2221 1434 debet.
2246 1389 2318 1432 De
2348 1388 2479 1431 annis
2509 1387 2570 1431 63
2601 1386 2822 1447 Suphidis
2852 1391 2878 1434 1

1583 1457 1714 1515 quod
1735 1458 1886 1503 dicam
1909 1460 2027 1503 nihil
2050 1460 2201 1504 habeo
2213 1494 2228 1516 ,
2251 1460 2339 1504 nisi
2358 1459 2490 1519 quod
2511 1459 2638 1504 idem
2656 1474 2883 1506 numerus
2930 1479 2942 1490 ·

1582 1533 1830 1575 successori
1854 1532 2116 1592 Suphidum
2131 1567 2144 1590 ‚
2165 1533 2431 1577 Meneeberi
2445 1567 2458 1589 ‚
2478 1532 2636 1578 datur.
2659 1534 2879 1580 Fortasse

1582 1603 1724 1662 igitur
1749 1605 1856 1649 hinc
1881 1607 2127 1650 translatus
2149 1614 2231 1650 est.
2268 1605 2484 1650 Ceterum
2520 1621 2666 1664 quum
2696 1607 2890 1670 Cheops·

1584 1685 1629 1719 et
1654 1678 1868 1736 Cephren
1888 1679 1945 1723 ab
1976 1677 2222 1723 Herodoto
2243 1688 2289 1723 et
2314 1670 2533 1723 Diodoro
2557 1678 2720 1723 fratres
2742 1679 2885 1725 fuisse

1584 1748 1814 1807 dicantur,
1829 1752 1903 1795 vel
1918 1751 2028 1796 inde
2043 1759 2170 1811 patet
2180 1752 2469 1796 Manethonis
2483 1766 2702 1796 numeros
2718 1750 2733 1812 (
2751 1749 2810 1796 56
2824 1761 2868 1802 Χ

1585 1821 1739 1866 6321
1754 1823 1839 1882 19)
1865 1823 2094 1884 genuinos
2117 1838 2210 1867 esse
2233 1839 2331 1867 non
2359 1837 2511 1883 posse.
2545 1822 2677 1866 Idem
2707 1823 2883 1868 dixeris

1584 1897 1643 1941 de
1666 1897 1962 1942 HerodoteiS.
1996 1899 2151 1955 Atque
2170 1897 2257 1955 ipsi
2282 1903 2458 1940 veteres
2475 1895 2568 1939 hoc
2594 1895 2781 1939 sensisse
2803 1897 2877 1939 vi·-

1585 1969 1781 2025 dentur3
1818 1985 1927 2014 nam
1948 1969 2093 2014 refert
2106 1969 2346 2014 Diodorus
2383 1966 2458 2030 (1,
2486 1968 2549 2020 64
2564 1966 2882 2027 ‚lsecundum

1584 2041 1841 2085 nonnullos
1873 2041 2085 2088 Chemmi
2128 2041 2388 2085 successisse
2425 2052 2525 2084 non
2560 2039 2751 2084 fratrem
2790 2041 2881 2085 Ce-

1583 2115 1810 2172 phrenem
1827 2113 1908 2158 sed
1927 2113 2079 2158 filium
2099 2113 2361 2171 Chabryen.
2384 2113 2454 2157 Cf.
2476 2112 2679 2159 Boecklu
2695 2124 2743 2172 p.
2763 2112 2875 2157 213.

1653 2187 1834 2231 Fratres
1855 2187 1964 2232 istos
1985 2187 2252 2247 pyramides
2274 2187 2389 2231 duas
2417 2186 2639 2231 maximas
2661 2186 2879 2230 struxisse

1586 2268 1694 2303 nota
1719 2274 1793 2304 res
1817 2269 1895 2305 est.
1925 2263 2081 2320 Atque
2109 2260 2357 2304 maximam
2381 2259 2573 2319 quidem
2593 2274 2676 2303 rex
2695 2259 2882 2319 ‘primus
2922 2279 2926 2283 ¹
3002 2261 3006 2310 ζ

1588 2333 1806 2395 (Cheops.
1833 2332 2125 2395 Chemmis),
2160 2331 2415 2377 secundam
2447 2318 2770 2392 magnitudine
2796 2345 2881 2375 rex

1586 2406 1816 2450 secundus
1853 2402 2121 2469 (Cephren)
2150 2403 2395 2450 aedificasse
2423 2403 2596 2448 dicitur
2625 2412 2726 2447 tum
2755 2401 2882 2463 apud

1589 2478 1887 2525 Herodotum
1910 2489 2011 2524 tum
2035 2478 2162 2539 apud
2184 2477 2466 2524 Diodorum.
2481 2478 2655 2521 Verum
2669 2491 2815 2535 quum
2833 2477 2882 2523 in

1587 2552 1820 2612 lapidibus
1838 2552 2092 2614 pyramidis
2114 2552 2325 2597 maximae
2347 2550 2487 2594 semel
2506 2557 2687 2594 tantum
2709 2563 2884 2593 nomen

1589 2624 1746 2683 Chusa
1766 2623 1840 2687 (²⁹)
1874 2626 2018 2686 idque
2047 2627 2181 2687 juxta
2212 2626 2409 2670 alterum
2437 2638 2613 2667 nomen
2646 2618 2883 2667 Chnemu—

1588 2700 1756 2759 chufic,
1790 2703 1880 2745 hoc
1916 2709 2073 2746 autem
2098 2701 2341 2761 saepissime
2377 2698 2478 2755 (vel
2512 2688 2884 2754 Chnemu-chufu

1588 2777 1662 2819 vel
1695 2773 1934 2834 Clznemu)
1975 2776 2155 2834 pictum
2185 2775 2381 2833 legatur,
2420 2772 2526 2814 hinc
2555 2770 2733 2830 colligit
2755 2769 2884 2813 Bun-

1588 2848 1740 2891 senius
1757 2847 2048 2907 pyramidem
2073 2846 2320 2890 maximam
2355 2858 2450 2888 esse
2476 2841 2695 2896 secundi,
2713 2842 2883 2885 ·mino—

1590 2935 1688 2963 rem
1703 2920 1845 2978 primi
1861 2920 1995 2979 regis.
2015 2918 2142 2976 Quid
2160 2917 2378 2961 Manetho
2396 2914 2605 2958 statuerit
2622 2913 2883 2958 discernere

1590 3008 1687 3036 non
1714 2993 1873 3038 ausim.
1896 2992 2105 3051 Assignat
2124 2990 2201 3034 ille
2218 2988 2410 3048 quidem
2427 2985 2717 3046 pyramidem
2732 2986 2880 3032 maxi-

1589 3080 1714 3109 mam
1757 3062 1955 3123 Suphidi
1994 3063 2149 3121 primo
2167 3095 2179 3116 ‚
2230 3060 2312 3105 sed
2349 3074 2495 3118 quum
2537 3057 2663 3102 idem
2707 3073 2882 3107 nomen

1588 3137 1749 3195 paullo
1782 3136 2008 3179 variatum
2028 3135 2085 3177 sit
2116 3132 2430 3177 antecedentis
2446 3131 2567 3190 regis
2582 3163 2594 3185 ‚
2619 3144 2719 3173 non
2738 3130 2886 3188 liquet

1590 3223 1651 3252 an
1668 3224 1766 3252 non
1786 3208 1894 3252 huic
1912 3206 2203 3267 pyramidem
2233 3203 2484 3250 secundam
2515 3202 2776 3262 assignarit,
2803 3217 2884 3246 eu-

1589 3277 1959 3340 jusmentionem
1975 3288 2269 3338 excerptores
2288 3278 2500 3322 omittere
2519 3283 2752 3335 poterant.
2780 3275 2884 3320 Huc

1592 3353 1771 3398 accedit
1798 3353 1930 3411 quod
1951 3353 2170 3397 Manetho
2198 3352 2290 3395 hoc
2320 3350 2435 3394 loco·
2456 3357 2620 3394 eontra
2652 3347 2882 3392 Herodoti

1590 3427 1864 3470 sententiani
1890 3425 2139 3484 disputasse
2162 3423 2367 3478 videtur,
2394 3423 2465 3466 uti
2499 3421 2708 3466 indicant
2741 3419 2882 3466 verba

1591 3496 1644 3554 ἥν
1671 3515 1797 3561 φησιν
1834 3495 2063 3558 Ἡρόδοτος
2095 3493 2178 3541 ὑπὸ
2212 3492 2382 3547 Χέοπος
2415 3490 2648 3555 γεγονέναι.
2694 3493 2892 3538 Minime

1593 3572 1715 3616 enim
1736 3571 1983 3631 probabile
2007 3579 2072 3614 est
2089 3585 2197 3613 eum
2214 3567 2566 3628 reprehendisse
2586 3564 2892 3612 Herodotum

1592 3653 1844 3704 propterea
1868 3643 1999 3703 quod
2024 3639 2600 3701 Cheopem-appellaverit‚
2627 3652 2767 3696 quem
2796 3637 2896 3683 Su·-

1648 3818 1701 3868 (*)
1721 3819 1867 3868 Σῶφρις
1883 3826 1955 3866 pro
1974 3816 2093 3865 Σῶρις
2113 3811 2364 3852 scribendum
2379 3810 2564 3862 proponit
2579 3809 2729 3850 Robert
2747 3807 2882 3848 Fratu-

1595 3875 1867 3917 Manetlzoms
1909 3874 2131 3923 Reliquiae.
2164 3869 2396 3911 Dissertatio
2444 3867 2661 3918 inauguml.
2705 3865 2895 3917 Lugduni

1598 3938 1710 3975 1847.
1731 3945 1771 3983 p.
1801 3935 1884 3972 146.
2940 3975 2942 3977 Γ

1646 4000 1718 4050 (**)
1741 3997 1884 4048 Chufu
1910 4006 2056 4036 nomen
2070 3995 2190 4035 etiam
2209 3994 2248 4033 in
2265 3992 2456 4044 sepulcris
2472 3993 2615 4032 samec
2638 3991 2712 4031 loci
2728 3991 2887 4040 Lepsius

1595 4060 1607 4108 (
1626 4061 1790 4098 Preuss.
1811 4056 1982 4104 allqem.
2005 4055 2209 4102 Zeicunq,
2235 4055 2348 4091 1840.
2370 4053 2427 4091 Νο
2443 4053 2492 4089 40
2510 4049 2706 4098 Βεὶῑαᾳε)
2726 4047 2890 4098 reperit,
2946 4070 2947 4074 =

1593 4117 1651 4156 uti
1662 4114 1873 4157 Boeekhius
1886 4112 2038 4152 notavit
2049 4122 2087 4162 p.
2106 4115 2197 4159 212,
2212 4109 2331 4150 simul
2344 4107 2394 4149 de
2409 4108 2469 4148 his
2486 4106 2712 4148 nominibus
2722 4105 2887 4146 laudans
2900 4129 2914 4141 ,

1594 4173 1780 4215 Rosellini
1805 4174 1915 4213 Mon.
1937 4173 2042 4211 ster.
2061 4171 2159 4209 tom.
2184 4172 2225 4219 t,
2256 4173 2338 4207 126.
2357 4170 2417 4215 ιι,
2436 4171 2538 4215 250,
2560 4167 2600 4205 et
2617 4164 2754 4205 meter.
2776 4166 2884 4204 'mr-

1595 4235 1765 4284 mapion
1789 4241 1828 4282 p.
1859 4232 1944 4270 224.
