3008 4542
147 375 156 391 ι
172 351 392 407 naverit,
416 347 739 408 intelligendos
765 362 887 403 esse3
914 347 1037 390 hunc
1056 345 1224 391 deinde
1247 348 1396 391 solum

193 437 318 468 nasse
339 435 426 481 per
457 435 602 464 unum
636 434 834 474 annum,
873 426 926 462 ut
963 433 1070 462 cum
1092 419 1394 462 Eratosthene

98 487 254 543 tradit
293 493 570 548 Manethon3
600 492 672 537 sin
709 499 931 550 praeterea
967 490 1185 536 Manetho
1229 490 1397 533 iterum

91 566 255 616 ·ιζ,ὀιἰ8ῐ
274 563 616 624 Menthuophin
639 578 744 607 cum
768 566 905 606 annis
930 571 1123 621 septem,
1150 562 1275 605 hunc
1294 578 1396 605 nu-

102 629 288 706 ¹&erum
311 652 366 681 ex
384 637 625 681 annalibus
642 633 848 689 fluxisse,
878 635 927 677 in
953 634 1121 692 quibus
1148 634 1394 677 Menthuo·

101 707 242 779 phidi
262 709 550 752 annumerati
569 709 658 751 sint
679 707 786 750 anni
811 720 913 760 seX,
932 719 1016 764 per
1029 720 1144 762 quos
1162 720 1251 751 sec.
1279 706 1396 750 Era-

99 774 368 836 {wsthenem
398 779 552 822 mariti
589 779 697 822 loco
724 778 986 849 regnaverit
1025 791 1146 820 uxor
1180 778 1394 822 Nitocris

79 853 262 901 Minus
309 851 545 910 ingeniose
592 849 673 893 sed
714 850 867 893 verius
919 849 1090 893 dixeris
1143 849 1398 907 dynastiam

92 971 94 975 ,
103 932 314 979 sextam
336 922 470 966 sicuti
495 922 604 965 alias
627 921 920 979 complures,
944 936 999 965 ex
1025 921 1214 964 diversis
1236 937 1398 981 regum

83 1040 88 1054 ζ
105 990 342 1057 laterculis
365 1008 459 1038 esse
493 991 758 1037 conflatam.
781 991 918 1039 Cetei
919 1009 998 1037 um
1022 994 1071 1037 in
1089 995 1399 1038 monumentis

82 1063 612 1126 [zmemoratu1·Apappi
645 1063 1028 1125 (Pepi-mere'na)
1073 1067 1204 1125 regni
1248 1080 1399 1114 annus

73 1138 317 1188 :pdecimus
350 1144 528 1192 sextus,
556 1132 965 1195 Mendesuophidis
997 1134 1288 1195 (Metzcuatep
1309 1126 1397 1179 Rlz-

91 1202 288 1268 aehter)
326 1223 472 1253 annus
497 1207 724 1252 secundus
760 1223 772 1252 ε
813 1216 1100 1266 postremum
1122 1223 1220 1250 non
1256 1207 1400 1251 officit

52 1272 423 1325 Eratosthenis
453 1287 700 1338 computo,
750 1280 787 1323 si
837 1279 1162 1338 Mentesuphin
1190 1294 1277 1338 per
1314 1295 1398 1322 an-

110 1363 224 1396 num
265 1359 310 1395 et
349 1351 528 1410 aliquot
565 1365 746 1395 menses
785 1365 996 1411 regnasse
1036 1359 1303 1397 statuamus.
1342 1353 1399 1395 In

114 1423 270 1468 tabula
315 1423 595 1467 Carnaciana
637 1423 757 1482 Pepi
807 1437 977 1466 nomen
1027 1430 1095 1466 est
1141 1422 1396 1477 decimum3

86 1539 88 1556 ;
112 1506 288 1539 nonum
310 1502 376 1539 est
400 1510 486 1538 rex
514 1496 642 1538 Mer-
645 1510 675 1537 n
683 1510 773 1549 -να,
807 1494 938 1553 quod
955 1509 1047 1538 una
1072 1510 1178 1538 cum
1205 1495 1324 1553 Pepe·
1355 1504 1399 1538 et

84 1559 85 1562 Ἴ
113 1566 187 1611 Ne
160 1565 445 1626 ephra-hera
484 1567 622 1610 etiam
661 1567 711 1609 in
751 1566 842 1609 alio
886 1573 1189 1609 monumento
1227 1565 1396 1625 legitur

83 1639 192 1699 ’(ν.
223 1639 362 1684 Buns.
398 1652 450 1697 p.
494 1638 628 1696 197).
653 1662 718 1672 —
751 1638 808 1680 In
839 1637 993 1681 tabula
1028 1636 1254 1695 Abydena
1285 1637 1402 1680 nihil

83 1701 91 1738 .'
115 1718 205 1764 est,
234 1709 364 1768 quod
382 1725 495 1774 euni
507 1709 822 1753 Eratosthenis
841 1717 886 1753 et
901 1709 1192 1752 Manetlionis
1211 1708 1397 1767 regibus

48 1771 87 1834 ²ss
115 1781 332 1840 componi
354 1782 512 1840 possit.
538 1807 601 1814 —
615 1781 916 1840 Monumenta
931 1813 943 1835 ,
970 1795 1072 1838 quae
1094 1781 1207 1839 Pepi
1230 1795 1402 1823 nomen

48 1847 97 1898 ’ἐν’
114 1853 388 1912 exhibeant,
412 1868 558 1911 quum
583 1868 671 1912 per
693 1860 840 1897 totam
859 1852 956 1895 fere
980 1853 1232 1911 AEgyptum
1255 1867 1401 1910 usque

118 1920 180 1973 ‘ad
203 1925 371 1970 Silsilin
390 1939 545 1984 sparsa
564 1933 836 1980 occurrant,
861 1923 1136 1984 intelligitur
1157 1933 1402 1982 utramque

47 1997 287 2058 &regiam
298 2031 313 2056 ‚
334 1997 575 2056 Memphin
594 2005 732 2055 atque
746 1997 923 2052 Thelas,
946 1996 996 2038 in
1011 2004 1239 2054 potestate
1255 1997 1403 2039 Mem-

49 2069 295 2130 phineae
314 2068 531 2130 dynastiae
547 2069 680 2113 fuisse
694 2077 740 2113 et
750 2069 961 2127 exiguam
978 2068 1402 2112 tantumditionem

45 2137 427 2200 §.Elephantine
434 2141 620 2201 regibus
629 2155 762 2200 posse
771 2141 987 2198 relinqui.
1000 2164 1064 2172 —-·
1074 2139 1212 2198 Apud
1222 2140 1404 2184 Graecos

54 2228 59 2244 ¹
92 2239 101 2260 «;-
112 2221 325 2258 auctores
343 2213 469 2257 nulla
485 2213 668 2273 Apappi
685 2213 760 2257 vel
776 2212 966 2272 Phiopis
982 2213 1160 2257 mentio
1173 2246 1185 2267 ,
1207 2212 1243 2254 si
1263 2227 1402 2256 exce-

51 2278 237 2348 1ss.;{'.·peris
257 2286 413 2329 locum
435 2287 571 2330 Plinii
595 2288 654 2332 Η.
676 2287 732 2330 N.
751 2287 981 2341 XXXVI,
1007 2285 1066 2345 8,
1108 2285 1204 2342 67;
1229 2284 1347 2329 Sunt
1360 2294 1407 2330 et

51 2343 60 2408 'J'
81 2358 204 2401 alii
234 2358 326 2401 duo
351 2356 610 2417 (obelisci),
657 2373 771 2400 unus
797 2373 830 2400 a
860 2358 1051 2400 Zmarre
1086 2355 1146 2417 (l.
1179 2358 1220 2400 7
1221 2367 1392 2410 memte,

102 2430 203 2476 1i.e.
225 2430 447 2474 zvmande
470 2431 609 2475 Buns.
627 2427 670 2490 )‚
687 2431 853 2472 altera
869 2428 992 2473 Phio
1014 2426 1104 2490 (sic
1129 2428 1238 2472 cod.
1263 2430 1403 2472 Bam-

81 2494 268 2561 *berg-3
290 2501 431 2561 vulgo
456 2517 468 2544 ε
492 2503 613 2546 alter
627 2500 858 2563 Raphio),
880 2502 1132 2546 Bunsenius
1153 2503 1309 2558 statuit
1328 2517 1405 2546 re-

50 2592 52 2621 ὲ
115 2589 222 2635 gem
237 2583 444 2618 nostrum
457 2574 541 2618 sub
555 2575 646 2618 alio
664 2576 852 2619 nomine
865 2584 1027 2618 notum
1047 2574 1194 2630 fuisse,
1215 2574 1262 2617 id
1274 2575 1404 2633 quod

52 2643 102 2706 ἷῑῇ·
119 2654 246 2704 tanto
270 2645 446 2690 facilius
456 2645 693 2702 acciderit,
715 2662 862 2705 quum
891 2653 1056 2704 praeter
1074 2661 1247 2689 nomen
1266 2645 1403 2689 fami—

53 2719 87 2754 ὀ
116 2708 412 2782 3ae(Pep1·)‚
436 2733 565 2778 reges
587 2718 697 2762 inde
723 2719 781 2762 ab
804 2719 875 2762 his
895 2718 994 2762 fere
1021 2719 1307 2777 temporibus
1329 2733 1403 2762 re-

52 2791 245 2851 η-κςίυπι
282 2805 457 2834 nomen
479 2791 724 2849 separatim
758 2790 978 2834 exhibere
1012 2791 1136 2834 soliti
1167 2791 1275 2836 sint.
1302 2792 1404 2834 Hoc

49 2857 99 2910 {i
110 2876 233 2907 vero
250 2878 396 2922 quum
416 2872 578 2906 nostro
606 2864 706 2923 regi
725 2864 782 2906 sit
812 2863 960 2915 Meri,
988 2862 1098 2906 inde
1119 2862 1303 2907 Graecos
1333 2862 1404 2906 fe·-

60 2911 93 2968 ’ἶ
84 2935 230 2980 ·oisse
247 2936 436 2979 Moere'n.
460 2936 522 2979 Iis
540 2936 741 2979 innitens
769 2936 1024 2978 Bunsenius
1048 2936 1203 2978 omnia
1223 2950 1324 2993 quae
1347 2934 1405 2978 de

50 2956 94 3079 Ξ
121 3007 317 3053 Moeride
347 3007 535 3066 ejusque
559 3007 779 3066 operibus
803 3007 929 3066 apud
950 3007 1267 3062 Herodotum,
1289 3008 1406 3051 Dio-

64 3044 317 3133 ᾖ.”,,ιίοι·ιιιῐι
339 3079 615 3123 Strabonem
632 3087 898 3134 narrantur,
937 3078 997 3122 ad
1018 3079 1244 3137 Phiopem
1264 3079 1405 3122 refert

57 3157 63 3195 ζ
94 3142 203 3208 (Ρ.
233 3148 532 3208 198—236).
558 3150 689 3193 Idem
714 3159 865 3193 tamen
888 3150 937 3192 in
955 3149 1086 3208 praef.
1113 3165 1163 3208 p.
1186 3152 1248 3194 VI
1269 3165 1407 3208 quam

48 3234 51 3236 ·
95 3254 98 3256 «
121 3221 295 3265 incerta
311 3221 408 3264 haec
425 3222 514 3264 sint
529 3222 626 3279 ipse
644 3221 764 3265 bene
784 3223 935 3264 sensit.
962 3222 1147 3280 Lepsius
1166 3222 1225 3265 ad
1245 3237 1408 3266 eorum

52 3280 106 3358 ’11]ΙΔ
119 3291 396 3336 sententiam
430 3293 632 3348 accedit,
667 3294 750 3351 qui
784 3292 1027 3338 Moeridem
1059 3309 1216 3354 regem
1249 3293 1408 3339 fictum

48 3383 52 3394 ¹
86 3368 330 3429 ³[†3putanta
348 3364 453 3407 lacu
467 3365 585 3407 Meri
607 3364 668 3423 (i.
695 3379 735 3409 e.
757 3365 1120 3422 exundationis).

48 3469 98 3501 ,η
92 3483 94 3486 ,
187 3437 247 3481 ΙΙ.
283 3436 521 3480 Secundus
542 3452 623 3480 rex
645 3437 725 3494 qui
746 3444 860 3496 ap.t
846 3438 970 3484 Man.
989 3438 1206 3482 scribitur
1223 3439 1406 3482 Melhu-

68 3507 280 3573 suphis
302 3517 346 3552 et
361 3508 729 3568 Menthesupkis,
756 3511 788 3556 i.
813 3525 855 3555 e.
879 3510 1168 3554 Manethonis
1189 3511 1408 3555 Mentha-

67 3570 279 3641 Ϋειφήἰε
298 3581 394 3634 vel,
417 3589 470 3623 ut
490 3583 665 3624 mavult
687 3582 963 3636 Bunsenius,
984 3582 1316 3641 Menthuoplzis
1335 3583 1410 3641 (ut

50 3690 57 3715 ..-
81 3649 87 3652 ’
91 3652 404 3712 'Amenophis
425 3668 514 3712 pro
534 3663 701 3713 aegypt.
723 3656 887 3697 Amen
879 3652 1049 3713 ¹‘atep)
1037 3670 1087 3697 in
1101 3656 1412 3698 monumentis

47 3745 103 3804 ἵε
128 3738 219 3768 una
241 3740 348 3768 cum
378 3726 498 3784 Pepe·
527 3734 812 3769 memoratur
839 3727 1028 3769 nomine
1063 3742 1075 3769 ε
1115 3728 1401 3787 Mentuacep,

92 3795 158 3842 i.
193 3810 234 3842 e.
271 3788 452 3840 Mandu
491 3795 630 3859 (deo)
661 3798 919 3842 adhaerens,
953 3797 1093 3855 Quod
1131 3813 1255 3842 nunc
1286 3798 1412 3856 apud

53 3847 94 3903 ’ἵ
129 3868 478 3913 Eratosthenem
505 3870 675 3930 legitur
702 3868 1081 3932 Ἐχεσκοσοκάρας
1115 3880 1271 3928 aperte
1306 3886 1412 3914 cor—
1441 3891 1445 3919 2

130 3947 321 3998 nuptum
340 3948 426 3984 est.
452 3941 640 3999 Lepsius
663 3951 709 3986 et
731 3943 983 3986 Bunsenius
1004 3942 1224 3985 excidisse
1247 3951 1413 4000 putant
1442 3975 1443 3978 η

60 4015 66 4075 ἰ
131 4024 304 4054 nomen
323 4012 688 4073 MenthesuphiQ
723 4029 775 4058 ea
805 4022 958 4057 autem
981 4029 1082 4072 quae
1104 4029 1227 4056 nunc
1253 4014 1411 4072 legun-

98 4107 107 4134 ς
129 4076 211 4126 mr
230 4083 343 4126 nihil
366 4085 453 4128 nisi
475 4085 676 4130 nominis
696 4087 1124 4144 interpretationem
1154 4085 1409 4130 continere.

62 4154 105 4224 fs
134 4155 285 4214 Atque
315 4156 566 4200 Bunsenius
590 4157 777 4216 quidem
808 4158 870 4235 {ta
893 4158 985 4212 ΙΙΙ,
1003 4172 1049 4216 p.
1065 4157 1122 4210 64
1153 4170 1163 4202 :
1186 4177 1203 4195 «
1226 4159 1293 4201 De
1324 4156 1412 4200 deo

1221 242 1628 291 FRAGMENTA.

2582 190 2601 204 ,1

2649 261 2741 302 555

1472 348 1646 393 Mandu
1661 381 1673 402 ,
1700 350 1860 392 Mantu
1873 383 1885 406 ,
1911 351 1995 405 ait,
2014 353 2207 395 multum
2227 363 2293 398 est
2309 355 2614 414 disputatum;
2634 360 2753 403 Wil-

1471 419 1655 466 kinson.
1677 420 1852 477 optime
1871 422 2052 464 monuit
2075 425 2294 483 appellari
2317 426 2439 471 hunc
2453 428 2592 472 deum
2614 431 2663 472 in
2679 431 2756 474 in-

1472 487 1800 549 scriptionibus
1820 492 2009 535 ultorem
2034 496 2082 535 in
2106 493 2275 549 hostes,
2319 498 2447 555 quod
2479 502 2615 545 unice
2649 517 2755 545 cum

1474 563 1632 606 Martis
1679 570 1843 606 natura
1909 565 2140 607 convenit.
2201 569 2453 613 Verisimile
2499 581 2564 615 est
2618 573 2759 632 igitur

1474 633 1784 677 Eratosthenis
1822 635 2251 692 interpretationem
2283 654 2445 683 vocem
2476 638 2612 703 Ἄρης’
2643 660 2753 688 con-

1476 705 1676 750 tinuisse.
1699 707 1816 764 Atep
1835 706 1993 764 Coptis
2012 708 2215 761 clausus,
2239 721 2461 766 ,σει-ουτω,
2478 717 2631 772 potuit
2647 731 2760 776 ergo

1475 777 1794 820 Eratosthenes
1830 778 2030 821 nominis
2069 779 2163 820 vim
2197 780 2259 822 ita
2291 782 2513 839 reddere,
2547 795 2597 829 ut
2631 786 2763 831 cohi-

1476 847 1616 891 bendi
1654 858 1865 892 naturam
1878 881 1890 904 ,
1911 864 2015 908 quae
2034 859 2081 894 et
2100 852 2257 895 Martis
2276 861 2342 896 est
2360 857 2550 912 propria
2572 866 2617 900 et
2635 860 2762 901 clau--

1474 920 1614 963 ciendi
1636 921 1817 963 notioni
1854 923 2090 982 proxima,
2122 924 2417 981 exprimeret.
2450 926 2628 983 Quare,
2657 930 2760 973 lite-

1475 1006 1631 1035 rarum
1661 990 1885 1051 'premens
1913 994 2131 1053 vestigia,
2164 993 2488 1039 difficillimum
2515 998 2670 1042 locum
2696 1002 2761 1043 sie

1475 1064 1664 1107 restituo
1700 1079 1710 1107 :
1743 1061 1938 1125 σχετικὸς
1971 1065 2030 1115 ὡς
2062 1060 2212 1126 Ἄρης,
2244 1066 2508 1121 adsumens,
2548 1070 2762 1115 cohibens

1455 1136 1853 1193 quemadmodum
1880 1138 2029 1182 Mars.
2052 1138 2119 1180 Ita
2141 1138 2410 1183 Plutarchus
2441 1142 2511 1184 De
2534 1142 2591 1187 Is.
2619 1151 2663 1185 et
2685 1144 2762 1188 Os.

1477 1221 1518 1251 c.
1544 1206 1599 1249 61
1631 1207 2071 1266 'l'yphonisnornina
2103 1209 2370 1268 AEgyptiaca
2400 1208 2537 1271 βίαιόν
2567 1229 2659 1255 τινα
2693 1212 2766 1256 καὶ

1476 1275 1717 1332 κωλυτικὴν
1764 1276 1983 1339 ἐπίσχεσιν
2026 1281 2090 1323 ait
2128 1279 2386 1339 significare
2402 1314 2413 1336 ,
2454 1283 2571 1325 sicut
2610 1284 2764 1341 paullo

1478 1359 1584 1394 ante
1609 1349 1680 1409 (c.
1713 1347 1800 1411 49)
1827 1350 2008 1395 dixerat
2039 1365 2050 1396 :
2079 1350 2284 1411 σημαίνει
2314 1348 2359 1396 δὲ
2384 1350 2570 1413 τοῦνομα
2601 1350 2765 1406 κάθεξιν

1477 1417 1504 1475 ἢ
1526 1418 1727 1466 κώλυσιν.
1759 1441 1778 1460 υ

1542 1493 1631 1537 ΙΙΙ.
1668 1494 1870 1536 Nitocris
1899 1494 1931 1539 i.
1951 1508 1991 1536 e.
2022 1492 2318 1550 Nemi-dher,
2344 1496 2555 1539 Minerva
2583 1500 2765 1544 victrix.

1476 1565 1660 1607 Nomen
1688 1565 1738 1607 in
1769 1567 2081 1609 monumentis
2113 1567 2313 1624 antiquis
2343 1582 2440 1610 non
2470 1568 2677 1611 obvium.
2715 1571 2769 1613 In

1477 1635 1880 1694 inscriptionibus,
1915 1651 2015 1694 quae
2053 1636 2113 1680 ad
2137 1637 2390 1696 dynastiam
2431 1639 2584 1684 XXVI
2622 1642 2768 1698 perti-

1483 1715 1623 1762 nent,
1651 1716 1937 1750 memoratur
1964 1709 2166 1752 Nitocris
2192 1725 2312 1753 uxor
2341 1712 2659 1756 Psammetichi
2680 1715 2701 1757 I
2724 1723 2770 1757 et

1477 1779 1680 1822 Nitocris
1701 1777 1796 1822 filia
1812 1780 2129 1824 Psammetichi
2153 1783 2221 1838 ΙΙ,
2241 1783 2308 1826 uti
2328 1798 2386 1827 ex
2410 1784 2645 1828 Roseuino
2664 1801 2769 1829 mo-

1478 1859 1558 1894 net
1579 1850 1769 1894 Boeckh.
1791 1866 1839 1909 p.
1867 1849 1975 1896 215.

1543 1923 1709 1966 Nostra
1738 1923 1940 1967 Nitocris
1981 1925 2161 1968 tertiam
2194 1926 2483 1984 pyramidem
2515 1929 2765 1981 exstruxit,

1480 1994 1512 2036 i.
1540 2009 1581 2037 e.
1604 2009 1695 2039 sec.
1720 1995 2027 2050 Bunseuium,
2045 2011 2146 2039 eam
2170 2012 2310 2054 quani
2335 1999 2595 2056 Mycerinus
2618 2015 2769 2058 coepe-

1480 2073 1579 2119 rat,
1602 2065 1662 2108 ad
1675 2063 1814 2108 finem
1836 2066 2068 2124 perduxit.
2094 2068 2214 2111 Nota
2226 2077 2293 2111 est
2315 2068 2374 2112 de
2397 2069 2637 2115 Nitocride
2661 2087 2767 2115 nar-

1483 2137 1601 2179 ratio
1623 2137 1890 2182 Herodotea
1911 2137 1986 2196 (11
2000 2171 2012 2192 ,
2046 2154 2134 2182 100
2149 2138 2182 2198 ).
2204 2140 2351 2184 Graeci
2374 2142 2613 2185 mulierem
2637 2144 2768 2187 istam

1480 2221 1610 2250 rosea
1633 2207 1748 2251 facie
1784 2209 2028 2267 pulchram
2062 2211 2404 2270 pyramidisque
2436 2222 2769 2258 exstructorem

1479 2280 1781 2325 nominarunt
1810 2277 2074 2330 Ῥοδώπιδα.
2112 2284 2168 2327 V.
2214 2286 2501 2328 narrationes
2537 2287 2764 2330 Herodoti

1481 2354 1554 2407 ΙΙ,
1600 2352 1686 2405 134
1713 2353 1780 2413 (et
1804 2370 1920 2412 quos
1944 2356 2009 2398 ibi
2044 2355 2203 2399 laudat
2244 2356 2420 2414 Baehr.)
2454 2364 2499 2399 et
2533 2358 2770 2402 Strabonis

1480 2425 1639 2480 XVII,
1660 2441 1705 2484 p.
1729 2425 1839 2469 808.
1863 2426 1930 2471 Cf.
1953 2428 2150 2473 Bunsen.
2171 2443 2219 2486 p.
2247 2428 2358 2484 237.
2383 2430 2502 2472 Num
2521 2445 2766 2473 commune

1482 2497 1523 2539 ei
1553 2497 1728 2554 aliquid
1752 2499 1808 2540 sit
1831 2512 1935 2541 cum
1958 2499 2198 2542 Nitocride
2223 2496 2492 2559 Babylonia,
2507 2501 2682 2546 altioris
2705 2511 2770 2544 est

1481 2568 1726 2628 indaginis.
1750 2570 1890 2626 Quod
1913 2570 1972 2613 ad
2001 2571 2141 2614 verba
2159 2571 2345 2631 Eusebii
2376 2574 2506 2616 Arm.
2517 2578 2765 2631 pyramis..

1480 2638 1674 2698 speciem
1698 2643 1991 2700 collisproese
2012 2640 2179 2695 ferens,
2208 2658 2308 2700 quae
2340 2644 2387 2686 in
2411 2645 2568 2703 graecis
2591 2660 2686 2687 non
2703 2645 2767 2687 le·

1481 2721 1670 2770 guntur,
1716 2728 1769 2757 ea
1814 2728 1923 2757 vere
1962 2714 2218 2758 Eusebiana
2234 2747 2246 2770 ,
2297 2714 2378 2758 sed
2415 2715 2472 2758 ab
2518 2716 2769 2774 interprete

1482 2784 1600 2827 male
1623 2785 1856 2828 intellecta
1874 2800 1966 2829 esse
1991 2795 2142 2829 censet
2165 2787 2432 2831 Bunsenius.
2464 2806 2482 2824 «
2504 2787 2658 2832 Tertia
2680 2802 2766 2845 py-

1482 2856 1646 2912 ramis,
1666 2856 1754 2914 ait,
1772 2857 1925 2901 altiori
1947 2858 1995 2900 in
2008 2858 2115 2901 loco
2139 2859 2363 2902 collocata
2386 2866 2468 2902 est.
2500 2878 2518 2896 »

1820 2983 2123 3029 DYNASTIA
2155 2985 2428 3029 SEPTIMA.

2052 3135 2074 3147 =
2094 3108 2169 3154 23.

1859 3215 1979 3262 SEC.
2016 3215 2392 3262 AFRICANUM.

1551 3332 1745 3391 Syncell.
1764 3348 1816 3392 p.
1833 3310 1911 3387 58,
1925 3331 1959 3377 C
1979 3349 1989 3376 :
2014 3329 2210 3393 Ἓὸδόμη
2230 3310 2453 3378 ἑυναστεία
2472 3332 2762 3394 Μεμφιτῶν

1489 3402 1762 3465 βασιλέων
1788 3403 1839 3460 0',
1865 3402 1905 3449 οἳ
1929 3402 2212 3449 ἐδασίλευσαν
2236 3400 2401 3466 ἡμέρας
2422 3402 2472 3451 ο’.

2088 3524 2166 3570 24.

1869 3607 2002 3675 sac,
2043 3630 2362 3674 EUSEBIUM.

1550 3729 1748 3787 Syncell.
1771 3743 1818 3787 p.
1852 3727 1939 3784 56,
1972 3732 2015 3773 Α
2037 3743 2048 3773 ;
2072 3724 2267 3785 Ἑὸδόμη
2296 3723 2516 3771 δυναστεία
2550 3724 2625 3769 Με
2641 3740 2763 3786 μφι-

1488 3801 1591 3844 τῶν
1626 3798 1896 3859 βασιλέων
1920 3797 2082 3844 πέντε
2100 3834 2113 3857 ,
2139 3795 2180 3843 οἳ
2198 3796 2477 3842 ἐδασίλευσαν
2501 3791 2663 3855 ἡμέρας
2686 3791 2758 3838 οε’.

1492 3868 1576 3932 (σθ’
1604 3871 1766 3930 fragm.
1794 3870 1852 3915 32
1871 3870 1902 3930 ).

1553 3941 1774 3984 Eusebius
1816 3941 1985 3986 Chron.
2041 3956 2091 3999 p.
2141 3955 2200 3998 97
2246 3953 2256 3983 ε
2300 3938 2505 3996 Septima
2547 3936 2761 3992 dynastia

1488 4012 1851 4071 Memphitarum
1880 4013 1923 4055 V
1954 4027 2130 4070 regum.
2164 4014 2241 4068 qui
2273 4013 2406 4051 armis
2426 4006 2440 4066 (
2457 4006 2545 4065 sic)
2578 4005 2766 4048 LXXV

1487 4086 1715 4129 dominati
1735 4094 1853 4128 sunt.

1559 4157 1666 4199 Exc.
1694 4157 1893 4200 Barbara
1923 4157 2039 4199 hanc
2071 4153 2320 4211 dynastiam
2362 4151 2594 4200 omittunt.
2622 4147 2760 4204 Quod
