3008 4542
133 262 150 300 ιῥ
244 245 337 286 576

305 337 487 384 Deinde
526 351 639 381 vero
679 335 922 381 Africanus
951 335 1000 379 in
1035 335 1148 395 dyn.
1188 336 1350 381 XVIII
1385 336 1538 380 omisit

241 414 482 455 Armessen
515 410 696 452 Miamu
739 406 756 470 (
769 411 1019 469 AEgyptus,
1056 410 1217 452 Danai
1228 406 1335 469 fr.)
1378 422 1535 468 regem

239 485 289 527 in
304 485 330 528 J
334 482 494 541 osephi
512 481 736 525 laterculo
754 482 1065 541 penultimum
1078 515 1090 536 ,
1117 482 1200 541 qui
1217 481 1430 541 regnavit
1448 495 1535 523 an-

237 557 308 600 nis
341 554 419 601 66.
452 555 614 609 Hunc,
639 554 710 597 uti
741 563 868 598 recte
905 554 1075 613 procul
1108 553 1256 596 dubio
1289 551 1535 596 Boeckhius

236 635 421 682 monet,
459 625 705 670 Africanus
733 627 782 670 in
813 626 1071 685 dynastiam
1115 625 1235 669 XIX
1279 623 1528 669 transtulit.

236 701 421 747 Etenim
434 701 665 743 Armesses
672 699 845 743 Miamu
859 714 958 742 non
973 698 1178 742 diversus
1197 704 1262 740 est
1274 711 1300 740 a
1313 697 1525 755 Rampse,

237 772 456 832 dynastiae
479 772 601 817 XIX
623 785 733 830 rege
755 769 960 814 secundo
974 803 986 824 ,
1016 769 1097 827 qui
1121 767 1379 812 secundum
1402 769 1427 812 J
1433 782 1536 811 ose-

234 847 383 906 phum
402 854 448 890 et
465 843 717 889 Eusebium
735 843 847 886 item
863 842 1074 901 regnavit
1091 841 1220 885 annis
1240 839 1321 887 66.
1340 841 1398 884 In
1416 840 1538 885 Afri-

235 918 341 963 cani
372 917 598 962 laterculo
623 914 774 959 eidem
808 914 995 957 nonnisi
1023 912 1079 957 61
1109 913 1220 956 anni
1244 913 1532 970 tribuuntur,

233 990 317 1035 sed
331 1005 463 1035 mero
482 1003 643 1035 errore
662 987 949 1041 scribarum;
968 999 1077 1030 nam
1092 1000 1270 1030 summa
1289 1000 1535 1043 annorum,

235 1063 454 1123 dynastiae
471 1062 591 1107 XIX
637 1060 857 1104 attributa
883 1055 1085 1118 flagitat,
1120 1067 1174 1102 ut
1191 1059 1290 1118 regi
1327 1059 1535 1104 secundo

234 1136 408 1181 dentur
426 1137 535 1180 anni
560 1133 641 1179 66.
668 1133 883 1177 Ceterum
903 1146 976 1175 res
995 1132 1058 1175 ita
1077 1146 1124 1175 se
1141 1131 1315 1175 habere
1330 1131 1533 1177 videtur.

231 1208 463 1252 Nimirum
499 1221 643 1264 quum
677 1203 735 1247 de
757 1203 907 1247 Danai
939 1212 985 1246 et
1019 1203 1212 1262 AEgypti
1245 1204 1538 1261 temporibus

233 1279 544 1325 diversimode
560 1284 853 1331 statueretur,
867 1276 1038 1335 aliique
1057 1278 1271 1320 Danaum
1286 1276 1344 1319 ab
1361 1277 1537 1321 Inacho

232 1354 365 1398 annis
390 1351 509 1409 378,
532 1352 609 1395 alii
634 1350 764 1394 annis
790 1353 879 1401 441
914 1347 997 1410 (ut
1016 1349 1196 1392 mittam
1218 1349 1425 1393 minores
1450 1349 1537 1394 dif-

232 1425 472 1485 ferentias)
512 1424 679 1468 distare
715 1429 958 1482 putarent,
997 1421 1167 1466 deinde
1198 1422 1425 1466 Inachum
1461 1424 1539 1467 alii

232 1514 341 1543 cum
359 1499 519 1543 Amosi
538 1497 694 1556 primo
719 1512 829 1557 rege
852 1495 965 1555 dyn.
987 1495 1148 1540 XVIII
1166 1506 1507 1555 componerent
1521 1530 1534 1553 ,

232 1571 312 1615 alii
355 1585 467 1614 vero
508 1569 822 1628 antiquiorem
864 1576 1125 1627 ponerent,
1161 1566 1335 1611 factum
1371 1576 1438 1612 est
1486 1578 1540 1612 ut

231 1645 447 1688 Danaum
463 1651 508 1687 et
523 1643 779 1702 JEgyptum
796 1640 942 1685 modo
960 1640 1178 1699 dynastiae
1195 1641 1372 1696 XVIII,
1390 1641 1537 1686 modo

233 1715 454 1775 dynastiae
487 1715 608 1759 XIX
631 1716 943 1775 assignarent,
973 1714 1050 1757 alii
1075 1713 1279 1772 denique
1305 1712 1387 1774 (ut
1409 1715 1434 1757 J
1440 1730 1539 1759 ose-

232 1789 315 1849 phi
335 1797 381 1832 et
402 1787 588 1832 Eusebii
602 1785 839 1847 auctores)
869 1786 1049 1830 diversa
1067 1785 1404 1846 conjungentes
1425 1802 1536 1830 eun·

234 1860 344 1905 dem
362 1859 620 1920 AEgyptum
636 1859 708 1903 bis
725 1867 961 1919 ponerent
974 1892 987 1914 ,
1007 1859 1147 1902 semel
1170 1859 1220 1901 in
1240 1858 1355 1917 dyn.
1379 1860 1538 1905 XVIII

234 1942 282 1977 et
304 1934 475 1977 iterum
499 1933 549 1976 in
573 1932 685 1991 dyn.
711 1932 848 1976 XIX.
873 1932 977 1975 Hoc
1001 1945 1251 1990 perperam
1283 1929 1387 1974 fieri
1414 1931 1538 1975 Afri-

235 2022 376 2051 canus
392 2005 789 2050 animadverterit.
805 2005 1099 2062 Quamquam
1116 2004 1299 2059 rectius,
1315 2005 1538 2050 Boeckhio

229 2077 413 2136 judice,
446 2077 690 2122 Africanus
728 2076 932 2131 fecisset,
960 2077 997 2120 si
1034 2077 1291 2136 AEgyptum
1329 2078 1466 2121 istum
1490 2079 1540 2121 in

235 2151 348 2211 dyn.
374 2151 535 2196 XVIII
559 2149 842 2207 reliquisset,
871 2149 1123 2192 sustulisset
1152 2150 1203 2192 in
1231 2148 1344 2208 dyn.
1394 2150 1533 2198 XIX,

234 2224 482 2268 Boeckhius
505 2224 648 2283 igitur
671 2223 721 2264 in
746 2222 935 2266 Canone
954 2237 1038 2265 suo
1059 2222 1355 2267 Manethonis
1379 2237 1539 2283 regem

234 2298 359 2341 hunc
384 2298 435 2341 in
457 2296 716 2356 dynastiam
733 2296 892 2340 XVIII
921 2295 1150 2354 reposuit.

300 2367 467 2413 Jam'si
497 2367 680 2412 Amosis
705 2382 852 2411 annos
879 2364 938 2411 25
975 2376 1021 2411 et
1052 2367 1281 2412 Ramessis
1305 2383 1451 2414 annos
1476 2369 1538 2414 66

236 2442 451 2487 addimus
483 2439 543 2485 ad
576 2455 722 2483 annos
755 2439 873 2496 263,
902 2455 1130 2484 summam
1163 2441 1429 2486 obtinemus
1459 2458 1540 2486 an-

236 2531 408 2560 norum
445 2512 566 2570 354,
609 2528 711 2571 quae
748 2512 875 2558 haud
912 2514 1053 2574 longe
1087 2513 1216 2558 abest
1254 2514 1312 2558 ab
1349 2516 1541 2575 Josephi

237 2590 368 2634 annis
398 2587 518 2648 333,
556 2586 846 2646 propiusque
881 2587 1021 2630 etiam
1051 2586 1230 2630 accedit
1265 2587 1326 2632 ad
1356 2589 1543 2634 Eusebii

238 2677 385 2707 annos
409 2661 521 2714 348.
548 2662 699 2707 Porro
734 2660 771 2704 si
800 2660 917 2703 nihil
949 2659 1210 2704 curandum
1243 2669 1379 2719 putes
1415 2677 1542 2706 sum-

237 2748 363 2778 mam
398 2733 615 2778 traditam
649 2747 882 2779 annorum
914 2731 1034 2787 263,
1071 2731 1154 2776 sed
1187 2733 1368 2793 singula
1399 2750 1543 2795 regna

239 2808 603 2865 computaveris,
627 2808 691 2851 ita
712 2814 765 2850 ut
796 2806 896 2866 regi
926 2805 1110 2849 decimo
1140 2813 1186 2849 et
1208 2806 1460 2852 undecimo
1484 2824 1541 2854 ex

239 2881 444 2940 Josepho
469 2878 648 2925 tribuas
673 2895 819 2924 annos
844 2895 899 2923 12
927 2887 973 2923 et
998 2895 1027 2939 9
1055 2877 1174 2939 (pro
1200 2895 1273 2926 an.
1299 2880 1358 2925 32
1384 2891 1431 2926 et
1452 2882 1539 2944 6),

240 2969 419 2998 summa
437 2968 669 2998 annorum
693 2953 816 2997 foret
837 2958 929 3005 242
948 2987 961 3011 ,
989 2953 1160 3010 quibus
1181 2953 1330 2997 additi
1349 2957 1459 2998 anni
1479 2972 1536 3016 91

241 3027 421 3072 Amosis
434 3036 480 3070 et
500 3027 728 3070 Ramessis
739 3040 962 3069 summam
987 3023 1225 3070 efficerent
1242 3042 1318 3074 an.
1342 3025 1452 3084 333,
1469 3030 1542 3072 uti

241 3107 309 3143 est
320 3114 392 3158 ap.
414 3099 440 3142 J
444 3099 688 3157 osephum.
702 3097 843 3155 Quod
859 3106 1015 3141 tamen
1032 3112 1146 3141 num
1165 3098 1466 3156 probandum
1487 3102 1543 3144 sit

241 3186 389 3216 necne
404 3205 416 3227 ‚
443 3172 493 3214 in
512 3171 670 3215 medio
693 3186 780 3214 nos
801 3170 1126 3228 relinquimus,
1153 3171 1314 3215 Restat
1330 3180 1384 3215 ut
1405 3171 1464 3216 de
1488 3173 1543 3219 iis

242 3259 537 3299 moneamus,
565 3259 667 3302 quae
694 3243 754 3287 ad
794 3244 972 3287 Amosis
1007 3252 1053 3287 et
1083 3243 1546 3304 Misphragmuthosis

242 3317 433 3362 nomina
471 3316 715 3361 Africanus
748 3315 1004 3362 adnotavit.
1049 3317 1160 3374 Quae
1191 3317 1434 3375 quomodo
1472 3319 1546 3362 in-

245 3387 496 3449 telligenda
541 3388 631 3432 sint
677 3403 775 3430 non
814 3388 1095 3447 perspiciens
1133 3388 1371 3448 Syncellus
1407 3390 1547 3451 longa

246 3462 550 3520 omniumque
587 3460 902 3505 confusissima
944 3461 1257 3521 disputatione
1301 3464 1547 3509 ostendere

245 3533 402 3578 studet
436 3533 710 3578 Africanum
744 3534 1026 3579 inconcinna
1062 3543 1109 3579 et
1140 3537 1396 3596 pugnantia
1426 3538 1548 3582 inter

245 3622 292 3651 se
318 3604 575 3651 tradidisse.
602 3606 713 3650 Haec
740 3620 885 3664 quum
909 3606 970 3650 ad
997 3607 1328 3652 Manethonem
1353 3610 1547 3653 omnino

247 3680 362 3723 nihil
371 3678 649 3738 pertineant,
668 3677 743 3721 hic
759 3692 1000 3737 apponere
1015 3681 1549 3739 supersedeo,lectorem

249 3753 457 3811 relegans
481 3750 541 3795 ad
564 3750 739 3794 librum
760 3750 994 3807 Boeckhii,
1019 3754 1099 3810 qui
1130 3753 1330 3812 Syncelli
1356 3755 1549 3798 ratioci—

249 3825 458 3868 nationes
476 3838 615 3868 vanas
634 3838 727 3868 esse
747 3831 793 3867 et
812 3823 971 3867 inanes
987 3840 1075 3868 -nos
1091 3825 1268 3870 docuit.

315 3896 560 3941 Africanus
579 3897 722 3956 igitur
737 3904 989 3956 postquam
1013 3899 1192 3942 Amosis
1210 3914 1385 3943 nomen
1404 3915 1550 3959 appo-

251 3978 430 4025 suerat,
457 3967 642 4026 subjicit
676 3967 892 4027 quaedam
929 3967 988 4012 de
1022 3970 1150 4013 exitu
1186 3971 1457 4015 Judaeorum
1490 3970 1551 4015 ad

251 4042 433 4086 Amosis
451 4055 649 4101 regnum
672 4041 746 4086 vel
770 4041 916 4085 relato
941 4041 1015 4085 vel
1039 4042 1303 4089 referendo,
1333 4045 1424 4101 Qui
1447 4059 1548 4088 sen-

253 4130 326 4158 sus
344 4115 517 4158 horum
532 4114 789 4159 verboru-m
805 4115 879 4175 sit,
896 4122 1063 4174 sponte
1079 4115 1337 4175 apparebit,
1359 4116 1551 4175 quando

254 4185 441 4230 aliunde
462 4186 838 4246 probaverimus,
858 4186 1083 4246 quidnam
1105 4186 1344 4232 Africanus
1361 4189 1420 4233 de
1438 4198 1550 4233 tem-

1147 231 1567 282 MANETHONIS
1602 231 2000 280 SEBENNYTAE

1611 348 1729 393 pore
1751 334 1914 378 Exitus
1934 333 2206 378 Judaeorum
2234 334 2461 380 statuerit.
2490 335 2583 379 Res
2602 349 2701 379 non
2730 346 2796 381 est
2819 337 2906 382 du·

1610 407 1705 451 hia.
1734 407 1921 452 Scilicet
1944 408 2198 467 AEgyptum
2222 405 2372 450 Judaei
2392 406 2685 465 reliquerunt
2706 423 2764 453 eo
2785 425 2908 455 anno
2938 400 2958 454 [⁴

1612 492 1707 535 quo
1743 477 1914 522 accidit
1944 477 2173 522 diluvium
2208 478 2466 538 Ogygiam,
2497 479 2592 523 sive
2624 481 2755 526 annis
2787 497 2909 526 1020
2939 470 2957 541 l

1611 558 1717 594 ante
1740 551 1926 609 Olymp.
1955 566 1973 594 1
2006 549 2099 612 (=
2131 550 2253 610 1796
2278 566 2320 596 a.
2350 550 2401 596 C.
2423 549 2456 610 ).
2484 551 2556 595 Ita
2573 551 2814 599 Africanus
2837 570 2910 615 ap.
2935 546 2953 621 J*

1610 617 1851 667 Euseb.'P.
1873 623 1927 666 E.
1952 623 2027 678 X,
2057 638 2146 679 10?
2162 623 2362 681 Syncell.
2380 628 2430 681 p.
2452 622 2512 674 64
2535 632 2583 667 et
2602 621 2690 681 65,
2712 626 2766 672 B.
2791 627 2913 671 Eun·
2942 619 2943 622 ¹

1611 692 1719 737 dem
1736 694 1965 738 calculum
1982 695 2120 739 etiam
2139 694 2329 740 aliunde
2349 693 2630 740 confirmare
2642 729 2655 752 ‚
2681 697 2912 758 simulque
2938 681 2957 723 ³

1611 765 1672 810 ad
1731 767 2058 826 Sicyoniorum
2107 776 2153 812 et
2202 768 2487 828 Argivorum
2533 783 2699 829 regum
2746 772 2911 816 seriem
2937 768 2969 811 s

1610 839 1904 885 Africaneam
1929 850 2139 885 accurate
2161 856 2384 885 revocare
2407 842 2531 885 licet.
2556 843 2750 905 ‘Etenim
2788 844 2912 904 Syn·
2935 829 2971 873 [⁷

1613 912 1754 956 cellus
1770 927 1816 972 p.
1833 911 1915 972 63,
1931 915 1973 957 D
1992 914 2055 959 ita
2073 913 2212 957 habet
2227 926 2238 958 ε
2254 910 2310 959 Ὁ
2327 912 2423 958 κατ’
2437 909 2680 975 Ὤγυγον...
2702 918 2916 962 κατακλυ-
2946 915 2951 939 ³

1613 979 1720 1042 σμὸς
1745 981 1859 1029 κατὰ
1877 982 1927 1030 τὸ
1948 982 1993 1029 π’
2022 981 2098 1047 (80)
2129 982 2221 1036 ἔτος
2243 982 2486 1043 Μωυσέως,
2510 984 2570 1030 νε’
2598 982 2644 1031 δὲ
2671 985 2916 1050 Φορωνέως
2936 995 2950 1050 ¹,-
2970 1003 2976 1010 ¹

1612 1053 1726 1099 κατὰ
1751 1053 1821 1101 τὸν
1847 1054 2118 1119 Ἀφρικανόν.
2145 1059 2255 1102 Haec
2279 1058 2402 1102 inter
2419 1059 2590 1116 multa,
2619 1074 2720 1118 quae
2743 1069 2917 1106 temere

1613 1126 1835 1173 Africano
1867 1130 2108 1189 Syncellus
2130 1128 2311 1190 affingit
2327 1164 2339 1186 ,
2362 1139 2489 1174 recte
2514 1129 2638 1175 dicta
2663 1146 2756 1176 esse
2776 1133 2917 1178 docet
2942 1135 2950 1174 ἶ
2981 1164 2982 1167 ,

1614 1204 1903 1261 comparatio
1935 1204 2282 1263 Excerptorum
2313 1203 2657 1260 Barbarorum,
2695 1204 2780 1249 ubi
2813 1221 2918 1266 quae

1615 1273 1674 1318 de
1696 1275 1883 1335 regibus
1907 1276 2134 1334 Sicyoniis
2161 1285 2208 1320 et
2229 1276 2414 1336 Argivis
2436 1275 2686 1320 traduntur
2708 1291 2767 1322 ex
2785 1277 2919 1324 Afri-
2944 1287 2951 1330 ζ
2983 1271 2984 1274 “

1615 1361 1732 1389 cano
1762 1344 2016 1392 fluxerunt.
2052 1349 2113 1392 Iis
2146 1348 2289 1408 igitur
2318 1347 2546 1392 docemur
2572 1348 2631 1393 ab
2669 1349 2858 1410 Olymp.
2890 1367 2910 1396 1
2948 1399 2956 1409 Ι,

1613 1434 1763 1478 usque
1796 1419 1857 1463 ad
1891 1421 1967 1464 Ilii
1997 1420 2234 1465 excidium
2269 1418 2455 1481 (1183)
2491 1435 2638 1466 annos
2668 1437 2762 1467 esse
2793 1428 2916 1481 407,
2956 1419 2967 1446 ³

1613 1492 1724 1536 inde
1739 1508 1887 1551 usque
1911 1493 1972 1538 ad
1992 1495 2220 1538 Inachum
2235 1509 2382 1538 annos
2404 1493 2496 1550 718
2510 1528 2523 1551 ,
2546 1494 2664 1539 adeo
2685 1505 2740 1540 ut
2757 1497 2922 1541 Inachi

1614 1579 1761 1609 annus
1782 1567 1960 1625 primus
1994 1567 2051 1610 sit
2091 1581 2210 1625 1901
2243 1582 2285 1613 a.
2322 1565 2375 1613 C.
2416 1565 2500 1627 (V.
2521 1567 2706 1628 Fragm.
2743 1569 2917 1617 Chron.
2955 1555 2959 1583 ³

1613 1653 1663 1696 p.
1708 1654 1815 1695 171.
1841 1638 1853 1698 )
1879 1639 2078 1683 Inachus
2096 1654 2307 1699 regnasse
2333 1639 2507 1683 dicitur
2530 1640 2662 1684 annis
2691 1637 2770 1688 50.
2794 1643 2920 1703 Ergo

1614 1712 1854 1756 Phoronei
1873 1713 2146 1756 successoris
2170 1728 2317 1756 annus
2342 1711 2488 1756 55¹¹¹¹¹S
2511 1721 2579 1757 est
2615 1729 2762 1773 17973
2785 1724 2920 1762 natus
2958 1738 2959 1742 ¹

1613 1798 1727 1828 vero
1747 1785 1898 1828 Moses
1927 1800 2050 1828 anno
2075 1785 2203 1828 26m0
2230 1785 2416 1841 Inachi,
2439 1774 2558 1829 adeo
2590 1795 2644 1830 ut
2683 1786 2779 1844 ejus
2803 1790 2923 1849 regis
2992 1834 2996 1850 ·,

1615 1871 1739 1900 anno
1777 1866 2016 1916 postremo
2066 1858 2163 1917 ipse
2211 1867 2370 1918 ageret
2400 1872 2577 1902 annum
2619 1855 2803 1906 25mum,
2854 1886 2920 1895 ——
2993 1851 3000 1892 ἶ

1614 1930 1764 1973 Porro
1815 1931 2046 1990 Excerpta
2082 1931 2289 1975 Barbara
2337 1945 2396 1975 ex
2441 1930 2664 1976 Africano
2713 1932 2924 1978 referunt
2965 1964 2969 1967 «
2996 1939 3000 1973 ἱ

1614 2002 1802 2047 Judaeos
1827 2002 2035 2062 AEgypto
2062 2004 2222 2047 exiisse
2251 2018 2375 2048 anno
2407 2003 2532 2056 43ωο
2566 2005 2820 2064 Leucippi,
2847 2008 2921 2053 Si-
2998 2029 3001 2031 >

1616 2076 1896 2133 cyoniorum
1915 2076 2037 2135 regis
2064 2077 2234 2120 octavi.
2257 2076 2438 2121 Primus
2465 2092 2580 2121 vero
2608 2092 2756 2122 annus
2781 2080 2924 2138 primi
2998 2076 3001 2078 ’

1614 2150 1760 2208 regis,
1782 2158 1850 2193 est
1872 2163 2018 2192 annus
2047 2163 2173 2193 2122
2200 2164 2243 2193 a.
2267 2149 2317 2195 C.
2349 2149 2467 2194 Inde
2499 2149 2561 2194 ad
2592 2147 2820 2211 Leucippi
2841 2168 2917 2198 an.
2962 2160 2964 2163 ’
3000 2141 3002 2154 ²

1618 2218 1677 2272 43
1732 2221 1964 2265 Barbarus
2005 2230 2221 2265 numerat
2268 2236 2415 2265 annos
2459 2219 2551 2266 315
2601 2220 2680 2283 (v.
2732 2224 2918 2286 Frag1n=,

1617 2292 1792 2338 Chron.
1820 2309 1870 2353 p.
1898 2293 1987 2353 169
2013 2295 2107 2340 col.
2129 2293 2221 2355 Aa).
2245 2295 2393 2354 Igitur
2412 2310 2471 2339 ex
2496 2296 2563 2339 his
2586 2310 2778 2356 quoque
2804 2301 2924 2344 erui'·

1617 2374 1694 2409 tur
1713 2381 1860 2410 annus
1887 2382 2007 2426 1797
2036 2365 2413 2429 (2122—315).
2619 2376 2621 2378 ’
2837 2355 2845 2370 ’
2903 2410 2943 2424 -.

1614 2456 1617 2459 ’
1681 2440 1845 2498 Itaque
1863 2439 2120 2484 secundum
2141 2438 2412 2484 Africanum
2431 2441 2583 2486 Moses
2601 2443 2788 2490 Judaeos
2814 2445 2924 2490 edu‘-

1617 2511 1688 2555 xit
1702 2526 1746 2556 a.
1770 2526 1889 2570 1797
1914 2526 1956 2557 a.
1980 2511 2350 2571 Chr.,Leucippi
2369 2527 2492 2557 anno
2517 2514 2664 2573 43m0,
2687 2516 2923 2564 Phoronei

1617 2600 1741 2628 anno
1772 2583 1850 2629 55.
1886 2585 1980 2629 Alii
2015 2586 2150 2630 aliter
2171 2593 2432 2631 statuerunt
2447 2620 2459 2642 ,
2494 2587 2638 2647 idque
2668 2590 2766 2648 ipse
2797 2589 2924 2634 Afri·

1618 2672 1759 2702 canus
1776 2673 1863 2702 nos
1879 2657 2019 2702 docet
2040 2657 2055 2719 (
2073 2672 2147 2719 ap.
2169 2659 2337 2704 Euseb.
2359 2659 2424 2715 X,
2449 2675 2530 2716 1⁰3
2552 2662 2760 2721 *SyncelL
2778 2678 2830 2722 p.
2845 2662 2923 2719 64,

1617 2731 1652 2776 C
1685 2746 1806 2790 sqq.;
1834 2729 1942 2786 148,
1965 2732 2025 2775 D.
2055 2728 2108 2774 V-.
2139 2731 2331 2776 Boeckh.
2369 2747 2418 2791 p.
2476 2731 2614 2795 193).
2657 2734 2924 2779 Secundum

1618 2806 1919 2851 Polemonem
1930 2841 1943 2862 ,
1957 2806 2037 2861 ait,
2061 2806 2238 2850 exitum
2255 2806 2473 2866 assignari
2491 2806 2655 2867 Apidis
2670 2808 2790 2867 regis
2808 2815 2924 2851 tem·

1620 2879 1837 2939 poribus,
1861 2878 2119 2939 secundum
2138 2879 2374 2938 Apionem
2393 2894 2507 2923 vero
2519 2913 2532 2936 ,
2558 2881 2632 2924 vel
2650 2881 2808 2939 potius
2827 2895 2920 2926 see.

1618 2953 1919 2996 Ptolemaeum
1947 2951 2262 3007 Mendesium,
2286 2966 2425 3009 quem
2446 2960 2608 2996 testem
2625 2953 2784 3012 Apion
2807 2968 2921 3012 pro-

1619 3024 1840 3080 duxerat,
1878 3020 2016 3068 κατὰ
2042 3019 2267 3085 Ἴναχον
2291 3019 2471 3087 Ἄργους
2512 3022 2720 3087 βασιλέα,
2756 3022 2922 3086 'Anda

1621 3114 1734 3149 σιος
1765 3094 2016 3158 Αἰγυπτίων
2054 3092 2370 3158 βασιλεύοντος,
2396 3096 2638 3153 ἀποστῆναι
2674 3095 2920 3150 Ἰουδαίους.

1619 3169 1828 3215 Eandem
1858 3171 2095 3214 Ptolemaei
2121 3170 2396 3214 sententiam
2423 3178 2688 3214 memorant
2717 3168 2923 3215 Justin'us

1619 3245 1813 3302 Martyr,
1833 3244 2056 3290 Tatianus
2079 3252 2127 3288 et
2147 3241 2360 3288 Clemens
2374 3278 2386 3300 ‚
2410 3244 2701 3303 eandemque
2717 3245 2855 3289 etiam
2874 3245 2924 3288 in

1622 3324 1785 3359 nostro
1807 3315 2070 3375 fragmento
2083 3315 2328 3361 Africanus
2342 3316 2530 3360 brevius
2546 3316 2723 3361 indicat
2737 3317 2891 3362 verbis
2907 3332 2919 3360 :

1622 3385 1763 3449 Ἀμὼς
1779 3424 1792 3450 ,
1815 3386 1879 3452 ἐφ’
1903 3380 1950 3434 οῧ
1975 3390 2172 3445 Μωυσῆς
2197 3387 2368 3446 ἐξῆλθεν
2390 3386 2431 3442 ἐξ
2454 3385 2678 3451 Αἰγύπτου
2692 3423 2705 3446 ,
2723 3391 2780 3441 ὼς
2799 3387 2924 3450 ἡμεῖς

2948 754 2954 769 -ι
2943 621 2957 685 xm

1624 3460 1984 3522 ἀποδεικνύομεν,
2015 3462 2071 3514 ὡς
2117 3461 2154 3507 δ’
2185 3465 2213 3519 ἡ
2245 3464 2445 3526 παροῦσα
2485 3462 2624 3525 ψῆφος
2663 3459 2923 3523 ἀναγκάζει,

1624 3531 1695 3579 ἐπὶ
1742 3530 1891 3579 τούτου
1938 3532 2009 3580 τὸν
2052 3534 2250 3582 Μωυσέα
2292 3531 2521 3595 συμὸαίνει
2549 3531 2641 3579 νέον
2689 3530 2753 3579 ἔτι
2800 3531 2920 3580 ὄντα.

1624 3609 1736 3665 Quae
1774 3622 1830 3652 ex
1859 3608 2240 3653 antecedentibus
2273 3617 2402 3668 patet
2438 3605 2789 3666 interpretanda
2829 3621 2924 3652 esse

1623 3681 1749 3724 hunc
1788 3681 1837 3724 in
1859 3680 2057 3725 modum
2104 3697 2114 3724 :
2151 3700 2170 3721 «
2209 3681 2303 3725 Sub
2341 3682 2503 3724 Amose'
2542 3678 2711 3723 Inachi
2745 3679 2923 3738 oequale'
2977 3708 2982 3716 -·

1623 3754 1777 3798 Moses
1826 3754 2018 3797 Judoeos
2074 3754 2258 3808 eduxit,
2318 3756 2384 3796 uti
2425 3753 2623 3811 AJn'onis
2667 3754 2923 3796 testimont'o
2975 3791 2981 3801 ,.

1626 3835 1798 3869 utentes
1823 3827 2114 3870 declaramus
2136 3841 2151 3868 .·
2173 3835 2328 3869 nostra
2347 3834 2498 3868 autem
2521 3834 2768 3885 temporum
2799 3838 2920 3868 com·
2969 3828 2974 3838 ''

1623 3902 1808 3957 putatio
1837 3896 1850 3958 (
1869 3898 1894 3952 ἡ
1932 3899 2131 3959 παροῦσα
2170 3896 2339 3959 ψῆφος)
2380 3897 2441 3940 ab
2463 3897 2552 3940 hac
2584 3899 2809 3940 sententia
2827 3896 2922 3939 de's·
2979 3915 2981 3962 j

1625 3980 1805 4030 crepat,
1867 3974 2076 4030 cogitque
2132 3984 2214 4013 nos
2230 4004 2240 4023 ‚
2313 3979 2365 4013 ut
2405 3970 2489 4013 sub
2540 3968 2738 4022 Inacho,
2782 3972 2917 4025 cujtcs
2975 4015 2981 4033 1-

1627 4043 1905 4102 temporibus
1933 4044 2126 4086 Amose'n
2150 4046 2329 4086 vioee'ssc
2376 4044 2533 4102 ApIon
2568 4043 2698 4095 dicit,
2743 4042 2941 4098 Mosem„
2981 4047 2984 4050 ’

1625 4126 1880 4160 statuamus
1901 4114 2055 4158 adhuc
2069 4119 2282 4172 Juvencm
2303 4112 2460 4172 fuisse
2477 4149 2489 4171 ,
2524 4119 2694 4175 quippe
2727 4118 2805 4173 qui
2830 4103 2940 4177 'quo'
2977 4107 2987 4175 J

1628 4204 1750 4233 anno
1781 4198 1979 4232 mortuus
2014 4187 2218 4232 Inachus
2243 4198 2315 4232 *est
2361 4191 2628 4231 vicesimum
2659 4188 2839 4230 demum
2867 4195 2924 4234 ‚et
