3016 4628
46 2242 50 2246 .
155 2200 344 2256 τούτους.

832 280 913 332 Ex
949 264 1250 330 HISTORIA
1286 282 1536 330 Ponvssu
1576 283 2160 334 MEGALoPomTANi.

87 398 108 443 '5³
166 397 242 452 τῆς
256 391 469 458 σωτηρίας
484 390 558 438 καὶ
576 393 652 448 τῆς
674 387 1006 453 ἐπανορθώσεως
1028 387 1219 449 ἑτοίμους
1237 387 1343 442 ἕξειν
1364 407 1464 434 συν-

104 459 110 470 ⁸
167 463 406 528 αγωνιστὰς
440 464 513 510 καὶ
539 459 777 526 ,συνεργοὺς
815 460 919 525 πρὸς
953 460 1001 507 τὸ
1035 460 1462 524 παραγγελλόμενον.

167 539 320 585 Ταῦτα
343 538 380 582 δ’
406 535 584 599 ἐγενήθη
605 533 792 598 πρότερα
814 537 889 579 τοῦ
913 531 1034 596 παρὰ
1055 531 1271 597 Φιλίππῳ
1292 528 1466 578 διαδου-

99 614 110 636 ⁴?
167 609 284 668 λίου,
306 612 364 663 ὡς
385 607 678 668 ἐδηλώσαμεν·
704 607 776 669 (10)
803 607 898 652 ἀλλ’
931 605 1101 652 ἐκείνων
1138 604 1251 652 κατὰ
1272 604 1358 662 ,τὴν
1390 608 1466 661 τῆς

105 684 111 714 ἕ
164 681 406 744 διηγήσεως
425 679 542 735 τάξιν
574 678 794 744 προτέρων
825 677 1191 741 λαμὸανομένων,
1231 678 1463 740 ἀναγκαῖον

64 762 114 811 ’[ζ.
159 748 213 814 ἦν
238 754 370 808 οὕτως
402 758 537 800 ταῦτα
575 752 791 817 χειρίζειν,
831 750 943 798 ὥστε
981 750 1190 817 πρότερον
1223 750 1464 812 ἐξηγεῖσθαι

49 851 52 881 ς
77 861 80 867 ·
103 871 105 874 .
160 825 236 881 τὰς
260 824 464 881 ἐντεύξεις
484 824 558 871 καὶ
583 825 680 878 τοὺς
701 822 1035 888 χρηματισμοὺς
1069 826 1153 870 τῶν
1187 822 1462 888 πρεσὸευτῶν

52 888 109 964 '2¹‘
161 899 234 947 καὶ
266 902 343 957 τῆς
378 897 687 951 καταστάσεως
725 897 799 944 καὶ
835 901 912 954 τῆς
947 895 1254 954 ἐξαποστολῆς.

1335 894 1393 944 Ὅ
1418 895 1463 942 δὲ

162 969 420 1034 Ἀγαθοκλῆς
442 970 517 1034 (11)
545 970 638 1017 ἐπεὶ
672 968 770 1023 τοὺς
799 967 1162 1035 ἐπιφανεστάτους
1185 970 1269 1014 τῶν
1296 969 1462 1032 ἀνδρῶν

45 1085 55 1092 .
95 1044 98 1045 ’
161 1042 352 1092 ἐκποδὼν
374 1043 575 1106 ἐποίησε,
601 1042 676 1090 καὶ
699 1042 748 1089 τὸ
782 1041 892 1088 πολὺ
915 1045 992 1099 τῆς
1014 1046 1088 1088 τοῦ
1114 1040 1302 1098 πλήθους
1334 1043 1464 1105 ὀργῆς

45 1111 84 1128 ⁵
160 1115 464 1182 παρακατέσχε
503 1119 556 1180 τῇ
585 1118 670 1163 τῶν
695 1114 890 1181 ὀψωνίων
915 1113 1144 1172 ἀποδόσει,
1173 1111 1294 1178 παρὰ
1327 1110 1463 1167 πόδας

165 1189 223 1242 εἰς
245 1187 322 1245 τὴν
349 1187 390 1242 ἐξ
413 1190 550 1253 ἀρχῆς
575 1186 800 1244 συνήθειαν
825 1187 1056 1243 ἐπανῆλθε.

48 1284 75 1330 ’Δ
124 1255 139 1260 “’
157 1263 242 1308 τῶν
263 1260 395 1326 φίλων
421 1259 569 1325 χώρας
605 1258 909 1324 ἀνεπλήρωσε,
929 1255 1267 1324 παρεισαγαγὼν
1303 1260 1352 1305 ἐκ
1385 1260 1462 1314 τῆς

1127 1186 1218 1233 Καὶ
1255 1184 1348 1253 [τὰς
1385 1184 1461 1244 μὲν

158 1331 373 1385 διακονίας
402 1332 477 1378 καὶ
506 1335 584 1390 τῆς
621 1332 756 1390 ἄλλης
781 1330 1019 1397 ὑπηρεσίας
1055 1330 1149 1383 τοὺς
1174 1329 1463 1383 εἰκαιοτάτους

157 1404 233 1452 καὶ
256 1404 559 1468 θρασυτάτους·
581 1405 707 1458 αὐτὸς
729 1405 773 1451 δὲ
799 1404 848 1451 τὸ
872 1404 982 1451 πολὺ
1008 1407 1086 1462 τ’ῆς
1105 1402 1269 1468 ἡμέρας
1286 1403 1360 1450 καὶ
1388 1406 1464 1460 τῆς

158 1477 304 1531 νυκτὸς
327 1479 371 1525 ἐν
399 1477 511 1542 μέθῃ
543 1476 727 1542 διέτριίῗε
744 1515 757 1539 ,
782 1477 856 1524 καὶ
876 1484 970 1530 ταῖς
994 1480 1048 1540 τῇ
1075 1476 1182 1540 μέθῃ
1206 1475 1463 1541 παρεπομέ-

159 1568 252 1604 ναις
273 1550 525 1615 ἀκρασίαις,
558 1552 603 1597 οὐ
629 1549 875 1614 φειδόμενος
899 1548 987 1597 οὔτ’
1005 1548 1283 1611 ἀκμαζούσης
1307 1568 1461 1611 γυναι-

157 1619 247 1680 κὸς,
278 1620 375 1668 οὔτε
410 1619 606 1687 νύμφης,
639 1620 736 1668 οὔτε
771 1619 1008 1686 παρθένου·
1041 1620 1116 1668 καὶ
1153 1620 1298 1668 πάντα
1322 1626 1462 1668 ταῦτα

157 1693 342 1758 ἔπραττε
379 1692 490 1755 μετὰ
528 1697 606 1751 τῆς
639 1693 966 1757 ἐπαχθεστάτης
1001 1693 1255 1759 φαντασίας.
1325 1691 1462 1742 ςὈθεν

155 1767 318 1824 πολλης
337 1765 412 1829 μὲν
431 1765 504 1814 καὶ
525 1767 804 1824 παντοδαπῆς
823 1766 1076 1830 γιγνομένης
1094 1766 1461 1830 δυσαρεστήσεως,

157 1839 358 1901 οὐδεμιᾶς
382 1838 426 1886 δὲ
443 1838 679 1905 θεραπείας
698 1839 793 1886 οὐδὲ
823 1839 1019 1904 βοηθείας
1038 1839 1394 1912 προσαγομένης,
1415 1840 1463 1887 τὸ

120 1934 129 1943 ·
158 1911 195 1958 δ’
220 1911 452 1959 ἐναντίον’
429 1932 495 1959 αει
515 1911 905 1977 προσεπαγομένης
928 1911 1155 1978 ὕῧρεως,ε
1140 1912 1456 2001 υπερηφανίας,

163 1983 422 2049 ῥαθυμίας,
404 1985 421 2026 Ἰ
444 1987 705 2047 ἀνεθυμιατο
724 1986 900 2032 πάλιν’
882 2005 924 2032 εν
946 1992 1034 2039 τοῖς
1057 1986 1230 2044 πολλοῖς
1252 1985 1301 2032 τὸ
1323 1991 1462 2050 προϋ-

157 2056 327 2121 πάρχον
343 2063 466 2120 μῖσος
478 2095 491 2120 ,
511 2057 582 2104 καὶ
598 2057 757 2111 πάντες
774 2059 1020 2104 ἀνενεοῦντο
1038 2058 1093 2104 τὰ
1111 2057 1462 2122 προγεγενημένα

155 2128 254 2217 περὶ
276 2127 354 2187 τὴν
390 2129 614 2194 βασιλείαν
648 2129 954 2194 [ἀτυχήματα]
979 2130 1049 2176 διὰ
1078 2150 1178 2184 τους
1213 2130 1464 2195 ἀνθρώπους

419 2205 513 2268 [Τω
539 2201 584 2250 δὲ
598 2202 779 2295 μηδὲν”
757 2222 870 2268 εχειν
890 2202 1125 2268 πρόσωπον
1160 2202 1393 2268 ἀξιόχρεων
1415 2204 1462 2252 τὸ

157 2274 524 2338 προστησόμενον,
541 2276 614 2322 καὶ
632 2278 684 2322 δι’
705 2279 752 2323 οὗ
773 2275 848 2332 τὴν
871 2274 1001 2340 ὀργὴν
1019 2278 1078 2329 εἷς
1101 2275 1174 2323 τὸν
1199 2276 1462 2340 Ἀγαθοκλέα

156 2346 230 2393 και
249 2345 327 2404 τὴν
345 2347 688 2411 Ἀγαθόκλειαν’
665 2347 994 2432 απερείσονται,
1007 2347 1085 2406 τὴν
1103 2348 1291 2412 ἡσυχίαν
1313 2342 1461 2433 ἠγον,]

158 2410 221 2458 ἔτι
257 2412 360 2473 μίαν
401 2413 604 2460 ἐλπίδα”
582 2432 752 2477 εχοντες
774 2412 849 2459 καὶ
878 2415 952 2476 (12)
989 2415 1352 2478 καραδοκοῦντες,
1385 2413 1463 2472 τὴν

101 2539 104 2543 ¹
156 2483 269 2530 κατὰ
317 2485 389 2532 τὸν
430 2486 738 2548 Τληπόλεμον,
787 2485 863 2533 καὶ
918 2483 1054 2548 ταύτῃ
1106 2486 1458 2551 προσανέχοντες.

156 2555 213 2605 ‘O
239 2556 283 2603 δὲ
306 2558 616 2650 Τληπόλεμος,
642 2557 720 2612 ἕως
748 2557 825 2621 μὲν
852 2562 875 2606 ὃ
915 2557 1116 2623 βασιλευς
1149 2559 1250 2618 ἔζη,
1278 2559 1332 2606 τὰ
1367 2560 1464 2607 καθ’

157 2629 288 2677 αὑτὸν
309 2630 533 2695 ἔπραττεν·
552 2630 647 2694 ἅμα
667 2630 710 2678 δὲ
728 2634 790 2696 τῷ
811 2631 1122 2694 μεταλλάξαι’
1103 2633 1278 2692 εκεῒνον,
1298 2632 1464 2698 ταχέως

156 2701 415 2764 ἐξομαλίσας
450 2703 504 2750 τὰ
535 2704 707 2763 πλήθη,
730 2704 969 2769 στρατηγὸς
992 2705 1124 2752 πάλιν
1162 2706 1342 2767 ἐγενήθη
1379 2710 1463 2754 τῶν

156 2773 268 2822 κατὰ
292 2775 538 2833 Πηλούσιον
564 2777 724 2826 τόπων.
796 2776 887 2825 Καὶ
911 2776 986 2831 τὰς
1013 2776 1090 2840 μὲν
1115 2777 1254 2843 ἀρχὰς
1278 2782 1464 2828 ἐποιεῖτο

156 2847 233 2906 τὴν
265 2849 486 2913 ἀναφορὰν
512 2853 598 2897 τῶν
630 2850 941 2916 πραττομένων
968 2851 1039 2898 ἐπὶ
1075 2850 1124 2898 τὸ
1147 2856 1223 2899 τοῦ
1249 2854 1463 2915 βασιλέως

156 2919 386 2987 συμφέρον,
411 2922 697 2984 πεπεισμένος
719 2922 924 2987 ὑπάρξειν
951 2923 993 2970 τὶ
1017 2923 1248 2989 συνέδριον,
1275 2925 1297 2972 ὃ
1317 2925 1395 2984 τήν
1416 2946 1462 2972 τε

157 2994 401 3049 τοῦπαιδὸς
427 2996 706 3061 ἐπιτροπείαν
731 2994 812 3052 ἕξει
834 2996 909 3043 καὶ
930 2996 1008 3054 τὴν
1035 3000 1120 3044 τῶν
1144 2997 1256 3045 δ’λων
1275 3018 1462 3062 προστα-

158 3065 266 3112 σίαν·
307 3069 364 3122 ὡς
398 3069 436 3115 δ’
460 3067 573 3134 ἑώρα
614 3067 711 3122 τοὺς
746 3068 824 3130 μὲν
861 3068 1002 3124 ἀξίους
1035 3071 1270 3135 ἐπιτροπῆς
1304 3072 1459 3136 ἄνδρας

158 3137 349 3186 ἐκποδὼν
375 3140 626 3227 γεγονότας,
653 3144 728 3198 τῆς
752 3139 798 3187 δὲ
821 3143 906 3187 τῶν
932 3138 1043 3188 ὅλων
1071 3143 1208 3207 ἀρχῆς
1247 3146 1461 3191 κατατολ-

158 3213 308 3272 μῶντα
352 3211 424 3259 τὸν
458 3213 749 3276 Ἀγαθοκλέα,
790 3213 959 3278 ταχέως
1002 3217 1067 3280 ἐφ’
1107 3215 1255 3280 ἑτέρας
1299 3216 1463 3279 ἐγένετο

158 3282 349 3346 γνώμης.
423 3285 513 3333 Καὶ
553 3285 933 3376 (1313)υ,ροριο’1μενος
963 3288 1034 3333 τὸν
1078 3307 1331 3352 προεστωτα
1367 3289 1462 3337 κίν-

48 3418 52 3426 Ι
114 3390 118 3396 .
161 3355 281 3404 δυνον
302 3355 372 3404 διὰ
393 3355 506 3415 τὴνε
491 3358 777 3421 υποκειμένην
803 3361 946 3412 αὐτοῖς
971 3358 1146 3423 ἔχθραν,
1169 3360 1245 3414 τάς
1269 3379 1313 3407 τε
1336 3361 1462 3408 δυνά-

161 3446 253 3488 μεις
285 3429 384 3494 περὶ
408 3429 535 3477 αὑτὸν
562 3431 731 3496 ἤθροιζε
755 3431 831 3478 καὶ
855 3451 954 3496 περι
978 3431 1108 3495 πόρον
1147 3432 1310 3494 ἐγίνετο
1349 3452 1461 3497 χρη-

161 3499 326 3564 μάτων,
342 3521 422 3552 ινα
449 3503 601 3565 μηδενὶ
625 3523 709 3550 των
735 3506 899 3569 ἐχθρῶν
940 3503 1195 3569 εὐχείρωτος
1234 3509 1273 3570 ᾐ.
1343 3504 1461 3567 Ἅμα

161 3570 206 3617 δὲ
237 3590 309 3619 και
330 3574 408 3631 τὴν
441 3593 514 3621 του
545 3574 698 3629 παιδὸς
733 3575 1008 3638 ἐπιτροπείαν
1034 3575 1109 3622 καὶ
1140 3575 1217 3633 τὴν
1243 3578 1328 3623 τῶν
1354 3576 1463 3623 ὅὶων

159 3645 421 3708 προστασίαν
454 3648 512 3701 εἷς
534 3647 684 3695 ἑαυτὸν
718 3647 831 3706 ἥξειν
846 3649 899 3713 (*)
926 3650 1003 3696 οὐκ
1021 3648 1258 3707 ἀπήλπιζε,
1282 3648 1464 3710 νομίζων

160 3715 232 3763 καὶ
257 3718 372 3766 κατὰ
398 3718 477 3777 τὴν
507 3720 624 3786 ,ἰδίαν
663 3719 741 3782 μὲν
782 3721 926 3785 κρίσιν
974 3721 1099 3789 αὐτὸς
1136 3720 1466 3786 ἀξιοχρεώτερος

2706 307 2836 340 xxix

1542 398 1746 445 promptos
1770 398 1818 436 ad
1835 399 2087 448 exsequenda
2111 400 2299 448 imperata
2320 412 2360 440 se
2386 403 2612 442 habiturum
2633 416 2716 444 esse
2735 406 2836 445 salu-

1540 483 1593 522 tis
1621 493 1705 522 suae
1738 486 1778 523 et
1805 494 2010 525 successus
2045 487 2174 525 socios
2196 488 2236 526 et
2273 488 2488 536 adjutores.
2519 494 2705 530 Ceterum
2729 497 2836 542 gesta

1542 571 1630 610 haec
1652 572 1785 611 omnia
1813 575 1907 612 sunt
1935 575 2029 613 ante
2064 575 2231 626 Philippi
2253 576 2482 626 decretum,
2515 580 2572 618 uti
2594 592 2712 630 supra
2733 581 2831 619 indi-

1541 658 1736 700 cavimus.
1810 660 1963 701 Verum
1994 674 2121 712 quum
2155 675 2206 703 ex
2229 664 2510 704 distributione
2531 670 2677 707 nostrae.
2698 682 2834 709 narra-

1539 745 1659 785 tionis
1682 746 1850 798 Philippi
1879 760 1942 788 res
1962 750 2001 788 in
2014 752 2286 801 superioribus
2298 754 2382 803 jam
2405 757 2704 805 exposuerimus
2719 788 2729 806 ,
2755 758 2836 797 lieri

1542 845 1619 873 non
1651 837 1786 885 potuit
1821 838 1916 887 quin
1950 839 2171 888 legatorum
2210 852 2303 880 cum
2336 843 2493 893 regibus
2533 854 2764 894 congressus
2799 849 2839 885 et

1541 919 1634 959 data
1656 921 1702 961 iis
1727 934 1913 973 responsa
1931 926 2024 964 ante
2040 926 2354 967 nominationem
2373 940 2510 968 eorum
2528 932 2648 980 atque
2669 932 2840 971 emissio·

1541 1018 1631 1047 nem
1669 1020 1937 1052 narraremus.
1971 1013 2206 1061 Agathocles
2236 1027 2333 1054 vero
2376 1019 2591 1067 postquam
2630 1019 2839 1059 celeberri-

1539 1105 1651 1132 mum
1668 1106 1869 1146 quemque
1886 1110 1907 1136 e
1924 1098 2055 1137 medio
2069 1103 2307 1150 removerat,
2325 1113 2372 1141 30
2381 1105 2648 1145 multitudinis
2666 1107 2840 1148 furorem

1539 1180 1826 1230 stipendiorum
1847 1184 2034 1232 pensione
2049 1192 2349 1237 compresserat,
2369 1199 2390 1227 e
2412 1190 2575 1240 vestigio
2591 1192 2641 1230 ad
2658 1193 2842 1242 pristinos

1539 1280 1669 1309 mores
1688 1270 1803 1310 rediit
1824 1283 1896 1311 :ac
1914 1251 2124 1323 dignitates
2143 1287 2282 1316 omnes
2304 1278 2467 1327 palatii,
2490 1290 2582 1329 quae
2603 1282 2699 1320 tunc
2722 1293 2840 1321 vaca-

1539 1356 1657 1406 bant,
1677 1357 1814 1397 amicis
1830 1359 1912 1398 suis
1933 1361 2148 1410 concessit,
2170 1363 2366 1412 producto
2382 1375 2433 1403 ex
2454 1365 2603 1406 ultimis
2626 1377 2672 1406 ac
2688 1369 2841 1408 servili-

1538 1443 1614 1482 bus
1644 1443 1872 1485 ministeriis
1903 1447 2102 1486 levissimo
2138 1458 2298 1498 quoque
2328 1450 2449 1499 atque
2481 1449 2839 1501 impudentissimo.

1540 1531 1626 1579 11150
1641 1529 1726 1570 dies
1748 1531 1966 1582 noctesque
1986 1532 2024 1570 in
2042 1531 2137 1571 vino
2160 1533 2281 1583 atque
2299 1532 2346 1572 iis
2366 1545 2457 1584 quae
2483 1535 2621 1576 vinum
2652 1541 2841 1589 consequi

1537 1616 1688 1666 solent,
1711 1616 1941 1657 libidinibus
1957 1618 2120 1668 agebat,
2140 1630 2215 1658 nec
2235 1621 2370 1670 nuptis
2393 1632 2468 1661 nec
2488 1624 2640 1673 sponsis
2670 1636 2743 1664 nec
2764 1627 2839 1664 vir-

1538 1701 1674 1750 ginum
1695 1702 1837 1752 pudori
1858 1714 2022 1754 parcens
2044 1716 2054 1744 :
2077 1707 2197 1756 atque
2214 1706 2301 1746 haec
2322 1709 2467 1747 cuncta
2491 1719 2584 1748 cum
2603 1709 2840 1751 intolerabili

1538 1789 1722 1839 superbia
1743 1790 1962 1830 factitabat.
1986 1795 2118 1840 Quare
2138 1804 2264 1844 quum
2282 1796 2517 1846 praesentem
2538 1808 2670 1837 10111111
2692 1801 2839 1839 statum

1538 1877 1710 1917 universi
1729 1889 1833 1929 aegre
1849 1880 2016 1929 ferrent,
2032 1882 2187 1920 nullum
2205 1883 2338 1923 autem
2358 1884 2545 1924 solatium
2561 1896 2607 1925 30
2625 1887 2841 1927 remedium

1538 1965 1809 2016 adhiberetur,
1830 1969 1968 2007 contra
1988 1969 2120 2018 potius
2147 1970 2381 2021 insolentia,
2410 1973 2594 2023 superbia
2624 1985 2672 2013 ac
2693 1974 2840 2014 desidia

1538 2050 1719 2100 quotidie
1744 2051 2031 2102 invalesceret,
2057 2064 2193 2093 rursus
2209 2054 2421 2104 pristinum
2445 2057 2550 2107 vulgi
2571 2059 2708 2098 odium
2725 2069 2841 2106 01131-

1538 2134 1612 2186 sit,
1630 2136 1846 2187 cunctique
1863 2137 2108 2177 calamitates
2122 2139 2229 2188 regni
2250 2140 2299 2179 ab
2316 2140 2377 2179 his
2394 2141 2622 2181 hominibus
2638 2144 2843 2193 superiori·

1537 2220 1614 2260 bus
1639 2220 1887 2273 temporibus
1914 2221 2111 2270 profectas
2137 2222 2179 2260 in
2210 2223 2443 2262 memoriam
2472 2225 2729 2265 revocabant.
2765 2226 2840 2266 Sed

1538 2316 1664 2356 quum
1685 2305 1850 2345 idoneus
1878 2306 1942 2345 vir
1968 2306 2144 2356 deesset,
2180 2307 2295 2356 cujus
2314 2307 2439 2347 ductu
2461 2310 2582 2358 atque
2601 2320 2720 2360 opera
2742 2310 2841 2348 iram

1538 2394 1654 2422 suam
1674 2383 1714 2422 in
1735 2383 1990 2432 Agathoclem
2021 2384 2061 2423 et
2084 2384 2365 2433 Agathocleam
2386 2385 2656 2435 effunderent,
2681 2386 2842 2434 interim

1538 2462 1819 2514 quiescebant,
1840 2462 2000 2502 unicam
2021 2473 2130 2512 spem
2147 2462 2279 2501 adhuc
2296 2463 2337 2502 in
2368 2464 2600 2515 Tlepolemo
2629 2465 2840 2515 habentes,

1539 2551 1617 2591 qua
1639 2551 1680 2580 se
1695 2540 1888 2590 tantisper
1908 2539 2195 2579 sustentabant.
2226 2540 2479 2590 Tlepolemus
2502 2542 2591 2591 ille,
2622 2542 2718 2582 dum
2748 2543 2840 2585 vm-

1539 2620 1696 2670 lopator
1719 2630 1792 2658 rex
1824 2618 2007 2668 vivebat,
2043 2630 2136 2658 suas
2167 2629 2228 2658 res
2255 2618 2432 2669 privatas
2462 2622 2695 2669 curaverat3
2716 2631 2842 2671 quum

1538 2700 1713 2750 primum
1728 2700 1862 2737 autem
1876 2698 1909 2737 is
1921 2698 2002 2737 fato
2017 2697 2227 2738 defunctus
2239 2699 2353 2748 esset,
2367 2698 2598 2738 demulcens
2613 2701 2840 2739 multitudi-

1538 2788 1630 2816 nem
1648 2777 1789 2815 iterum
1806 2775 1887 2814 dux
1906 2775 2106 2815 exercitus
2123 2775 2162 2814 in
2180 2776 2336 2825 regione
2356 2776 2558 2815 Pelusiaca
2578 2779 2736 2816 creatus
2766 2780 2839 2818 est.

1539 2859 1589 2897 Et
1606 2857 1717 2896 initio
1732 2856 1895 2906 quidem
1912 2856 1967 2895 ita
1987 2855 2085 2906 egit,
2107 2856 2153 2894 ut
2172 2855 2222 2894 ad
2240 2855 2340 2905 regis
2358 2856 2570 2895 commoda
2586 2857 2721 2896 o‘mnia
2744 2857 2839 2896 diri-

1538 2939 1669 2988 geret3
1689 2937 1874 2977 censebat
1894 2937 2001 2977 enim
2021 2936 2233 2986 collegium
2255 2937 2517 2976 constitutum
2543 2937 2613 2986 iri,
2632 2938 2696 2977 cui
2718 2939 2841 2977 tutela

1534 3017 1652 3068 pueri
1673 3019 1714 3056 et
1740 3026 1896 3055 summa
1928 3026 2061 3054 rerum
2092 3015 2382 3056 administratio
2412 3016 2736 3056 demandaretur.
2766 3017 2840 3056 Sed

1539 3099 1607 3137 ubi
1627 3097 1722 3137 vidit
1735 3097 1873 3145 dignos
1885 3095 2145 3146 suscipiendae
2166 3096 2303 3135 tutelae
2321 3097 2427 3135 viros
2442 3108 2464 3136 e
2482 3097 2611 3136 medio
2629 3098 2839 3144 removeri,

1538 3185 1818 3225 summamque
1837 3185 1972 3213 rerum
2002 3173 2190 3212 audacter
2208 3174 2396 3213 affectare
2429 3175 2687 3224 Agathoclem
2702 3206 2712 3224 ‚
2748 3187 2839 3214 mox

1538 3253 1776 3294 sententiam
1806 3252 1994 3292 mutavit.
2018 3255 2075 3291 Ac
2094 3251 2298 3301 suspicans
2317 3253 2539 3302 periculum
2553 3283 2564 3302 ‚
2583 3253 2690 3302 quod
2716 3264 2766 3292 ex
2786 3253 2838 3290 51-

1539 3335 1707 3373 1111111310
1724 3344 1815 3372 011111
1838 3332 2053 3383 Agathocle
2077 3331 2149 3371 sibi
2171 3331 2441 3371 intercedente
2461 3332 2710 3382 proditur'um
2725 3333 2839 3380 foret,

1540 3413 1673 3464 copias
1701 3413 1806 3451 circa
1825 3423 1867 3451 50
1893 3411 2154 3461 congregabat
2179 3410 2442 3460 cogendisque
2470 3411 2648 3461 pecuniis
2679 3422 2838 3460 operam

1539 3492 1682 3539 dabat,
1700 3494 1744 3529 ut
1766 3501 1789 3528 a
1806 3490 1962 3529 nemine
1983 3489 2094 3528 facile
2110 3488 2237 3538 subigi
2257 3490 2399 3539 posset.
2417 3489 2542 3528 Simul
2560 3499 2656 3527 vero
2672 3499 2750 3527 non
2768 3488 2839 3526 ‹le-

1540 3571 1726 3621 sperabat
1746 3570 1852 3618 fore,
1871 3571 1916 3608 ut
1929 3570 2097 3608 tutelam
2118 3569 2229 3619 pueri
2251 3580 2530 3619 summamque
2548 3579 2681 3607 rerum
2717 3567 2837 3606 adini-

1542 3648 1815 3688 nistrationem
1832 3648 1882 3687 ad
1898 3659 1940 3687 se
1957 3648 2200 3698 pertraheret
2220 3659 2229 3685 :
2249 3658 2340 3685 nam
2365 3648 2427 3686 vel
2463 3659 2535 3686 suo
2556 3647 2676 3696 ipsius
2689 3645 2839 3695 judicio

1542 3739 1584 3768 50
1603 3729 1726 3778 magis
1744 3739 1864 3778 quam
1890 3727 2144 3777 Agathoclem
2162 3726 2211 3765 ad
2231 3726 2400 3776 quodvis
2422 3727 2623 3776 negotium
2652 3735 2734 3763 esse
2750 3723 2836 3762 ido-

216 3867 278 3903 10.
300 3867 358 3904 1)0
377 3866 452 3905 1130
474 3867 668 3917 legatione
698 3868 832 3907 statim
860 3869 949 3918 post
976 3845 1153 3907 'mortem
1186 3869 1286 3918 regis
1314 3868 1366 3907 ad
1388 3869 1630 3919 Antiochum
1656 3868 1775 3906 missa
1810 3868 1849 3906 in
1874 3867 2197 3906 antecedentibus
2232 3877 2456 3905 sermonem
2496 3865 2613 3903 fuisse
2643 3863 2760 3900 etiam
2789 3870 2839 3898 ex

162 3923 435 3970 superstitibis
454 3925 660 3976 Excerptis
682 3937 901 3975 eorumque
919 3928 1019 3966 serie
1034 3927 1246 3976 colligitur.
1271 3926 1372 3966 Vide
1388 3926 1456 3965 lib.
1479 3929 1568 3975 XV,
1591 3932 1639 3966 20
1658 3927 1670 3975 (
1686 3928 1782 3964 Exc.
1808 3926 1975 3975 Antiq.).
2001 3924 2059 3963 Ad
2087 3924 2253 3973 Philippi
2272 3924 2449 3971 consilia,
2479 3932 2502 3960 a
2521 3921 2684 3970 Polybio
2706 3929 2840 3957 severe

30 4579 47 4597 ις

0 4583 56 4628 a:

161 3978 360 4031 castigata,
377 3982 626 4022 referendum
643 3993 802 4033 quoque
817 3985 878 4022 est
894 3986 990 4023 Exc.
1006 3984 1188 4024 vatican.
1210 3983 1326 4032 (XV,
1346 3984 1446 4031 24),
1464 3982 1534 4021 ubi
1550 3985 1686 4022 nostro
1707 3982 1795 4020 loco
1815 3981 2052 4031 respondent
2073 3981 2187 4020 haec:
2207 3981 2314 4019 Ἐπεὶ
2331 3980 2457 4023 πάσας
2477 3979 2560 4017 καθ’
2578 3979 2739 4016 ἕκαστον
2757 3977 2838 4020 ἕςτο

161 4035 229 4080 τὰς
243 4038 460 4085 κατάλληλα
470 4039 618 4090 πράξεις
630 4042 833 4091 γενομένας
849 4043 950 4080 κατὰ
962 4043 1030 4088 τὴν
1043 4043 1270 4092 οἰκουμένην
1283 4042 1534 4091 ἐξηγούμεθα,
1548 4043 1660 4088 δῆλον
1674 4040 1767 4079 ὅτι’
1750 4040 1958 4090 αναγκαῖον
1973 4041 2054 4079 ἐστι
2071 4042 2135 4079 καὶ
2152 4041 2196 4078 τὸ
2214 4054 2252 4078 τε
2239 4041 2317 4083 ’λος
2337 4037 2396 4077 ἐπ’
2413 4038 2521 4076 ἐνίων
2538 4036 2705 4086 πρότερο
2706 4051 2716 4071 ι
2734 4035 2838 4084 ἐκφέ-

163 4104 238 4143 ΡΕΝ
257 4098 324 4141 τῆς
338 4096 455 4148 ἀρχῆς
471 4099 553 4137 κτλ.
573 4121 626 4127 -
648 4103 709 4138 11.
738 4102 838 4145 Quae
858 4100 1204 4150 50111111111111,111110
1223 4100 1276 4139 ab
1291 4101 1518 4150 Ἀγαθοκλῆς
1543 4110 1667 4148 usque
1682 4098 1730 4137 ad
1755 4099 1821 4137 καὶ
1841 4099 1961 4148 ταύτῃ
1985 4098 2302 4148 προσανέχοντες,
2321 4097 2505 4143 leguntur
2525 4093 2641 4132 etiam
2661 4092 2698 4129 in
2724 4091 2839 4130 editis

164 4149 915 4206 01111οΧ11,25,3-8),501111111110
947 4159 1112 4207 plenius.
1135 4158 1292 4197 Etenim
1317 4170 1363 4198 ea
1383 4159 1518 4197 01111113
1537 4168 1628 4208 quae
1649 4156 1762 4194 uncis
1779 4155 1940 4202 inclusi,
1959 4156 1999 4194 in
2017 4158 2150 4194 nostro
2169 4155 2303 4192 codice
2324 4153 2478 4191 1115.11111
2496 4174 2547 4183 -
2565 4156 2625 4188 12.
2641 4150 2837 4200 ἔχοντες

163 4206 268 4258 καὶ]
299 4209 386 4248 haec
407 4211 487 4249 duo
511 4213 705 4252 vocabula
724 4215 765 4252 in
795 4214 910 4253 editis
928 4215 1093 4262 desunt,
1115 4215 1263 4264 absque
1283 4215 1515 4254 1131111111-
1538 4220 1599 4256 13.
1627 4213 1735 4264 καὶ]
1766 4213 1999 4264 particulam
2031 4213 2111 4252 huc
2139 4211 2359 4262 transposui
2383 4221 2435 4249 ex
2461 4219 2601 4258 seqq,
2625 4207 2690 4246 ubi
2711 4206 2838 4246 codex

166 4265 340 4315 praebet:
359 4267 493 4319 ἔχθραν
512 4271 577 4309 καὶ
597 4270 663 4316 τάς
683 4284 725 4310 τε
742 4271 917 4313 δυνάμεις
925 4302 932 4308 .
956 4295 1008 4306 ...
1023 4273 1144 4305 *msse
1181 4272 1229 4303 ,1
1252 4273 1324 4305 ond
1364 4274 1472 4312 ἕξειν
