3008 4542
1269 195 1680 244 FRAGMENTA.

156 314 229 359 bis
249 309 525 372 appellatio,
560 321 659 350 ¹¹0st
687 306 798 349 item
820 304 925 348 Viri·
959 304 1046 348 Vix
1077 303 1274 348 dubium
1299 305 1443 364 igitur
1521 326 1650 370 quem
1674 311 1852 355 Sabaeo
1865 312 2115 355 Herodotus
2133 312 2355 370 appellat.
2376 311 2574 354 Nomina
2605 310 2802 369 aegyptia

158 394 249 441 est,
273 380 554 428 Bocchorim
577 393 634 422 ex
669 374 874 435 Anyside
913 373 1166 418 oriundum
1206 374 1363 422 fuisse.
1403 377 1443 419 A
1521 391 1965 426 monumentorum:

0 483 1 487 =
156 454 435 502 Manethone
455 451 599 496 Saites
617 455 831 502 vocatur,
869 446 979 504 quia
1003 446 1169 504 Anysis
1196 446 1256 490 ad
1277 445 1445 505 praefe-

0 541 2 564 ⁵
70 535 104 591 Jj
158 537 339 574 cturam
358 525 530 570 Saitem
546 519 837 581 pertinebat,
864 516 1033 560 eodem
1052 516 1198 561 modo
1238 533 1333 577 quo
1359 518 1447 577 dy-

156 600 351 646 nastiam
387 596 460 641 XI
499 593 810 652 Diospolitam
842 598 1006 645 vocat,
1041 590 1127 634 etsi
1163 591 1356 649 proprie
1392 604 1449 634 ex

157 669 328 730 Abydo
347 665 546 712 oriunda
564 665 723 711 fuerit.
747 663 932 711 Caecum
942 677 1089 721 porro
1103 664 1294 722 Anysim
1313 662 1449 706 fuisse

72 756 115 805 ‘4
157 742 324 798 refert,
358 748 404 785 et
429 737 668 784 Diodorus
695 735 978 780 Bocchorim
999 735 1062 796 τῷ
1091 730 1262 793 σώματι
1285 750 1446 778 παντε-

158 814 244 866 λῶς
257 809 624 876 εὐκαταφρόνητον
639 809 878 854 describit.
898 827 918 847 »
937 807 1234 867 Lysimachus
1246 808 1294 850 in
1312 808 1451 866 AEgy-

157 886 322 948 ptiacis
342 885 434 929 suis
464 898 537 942 ap.
566 880 821 940 Josephum
847 876 922 940 (C.
963 879 1136 937 Apion.
1162 879 1212 933 1,
1241 873 1326 938 34)
1369 878 1451 920 Ju-

161 958 372 1004 daeorum
415 955 591 1000 exitum
638 950 943 997 Bocchoridis
984 965 1131 1010 regno
1186 949 1443 1008 assignavit.

29 3911 38 4159 3

28 4166 36 4339 ι

28 4349 81 4542 Q

56 1082 70 1149 t
158 1031 366 1088 Eamque
398 1025 671 1071 sententiam
708 1023 1021 1083 plurimorum
1052 1021 1187 1065 fuisse
1206 1029 1452 1064 auctorum

54 1256 87 1366 ξ
161 1247 232 1302 II,
260 1244 286 1289 3
318 1260 329 1288 :
356 1241 562 1304 Λέγουσιν
591 1238 878 1303 Αἰγύπτιοι...
906 1235 1015 1298 ἄρνα
1039 1234 1112 1282 καὶ
1140 1234 1354 1282 ὀκτάπουν
1381 1232 1455 1279 καὶ

52 1342 89 1375 ζ..

68 1444 75 1457 1

158 1100 303 1147 refert
342 1100 526 1145 Tacitus
566 1098 681 1142 Hist.
713 1098 774 1151 V,
822 1111 848 1139 2
868 1129 881 1155 ,
923 1109 981 1138 ex
1012 1108 1162 1152 eoque
1185 1093 1373 1138 Orosius
1404 1093 1450 1146 I,

166 1188 242 1220 ιο.
266 1197 329 1206 --
355 1168 546 1234 ἀρνίον
581 1163 909 1232 ἐφθέγξατο]
935 1165 1005 1212 Cf.
1044 1166 1249 1209 AElianus
1271 1166 1330 1210 N.
1359 1167 1448 1210 An.

162 1314 325 1379 δίκερον
353 1311 466 1361 κατὰ
488 1312 559 1359 τὸν
583 1310 794 1375 Βόκχοριν
827 1308 898 1355 τὸν
924 1307 1128 1373 ᾀδόμενον
1155 1306 1351 1368 γενέσθαι
1379 1304 1453 1352 καὶ

163 1386 288 1454 ῥῆξαι
311 1378 468 1453 φωνήν·
507 1382 680 1432 καὶδύο
703 1380 892 1447 κεφαλὰς
927 1379 1073 1446 ᾅδουσι
1113 1382 1188 1436 τῆς
1220 1376 1342 1444 ἀρνὸς
1379 1376 1453 1424 καὶ

52 1446 81 1501 ‘³:ss
161 1456 412 1522 τετράκερον
433 1455 628 1521 γενέσθαι
645 1453 750 1520 φασὶ
768 1452 845 1511 τὴν
867 1450 1017 1509 αὐτήν.
1030 1455 1237 1498 Noverat
1251 1452 1455 1496 AEliafflls

52 1478 77 1503 r.

164 1533 493 1577 Manethonem
504 1565 517 1587 ,
537 1531 608 1574 uti
627 1544 769 1589 supra
787 1527 1006 1573 vidimus·

352 1630 638 1678 VICESIMA
675 1628 908 1686 QUINTA
941 1625 1265 1671 DYNASTIA.

767 1740 827 1792 64
837 1773 848 1784 .

544 1860 665 1907 SEC.
702 1857 1083 1905 AFRICANUM.

152 2025 159 2031 .
231 1983 430 2044 Syncell.
456 1997 507 2042 P.
535 1985 593 2039 74
609 2017 620 2037 ,
638 1982 702 2024 B:
735 1976 924 2040 Πέμπτη
949 1973 1023 2022 καὶ
1044 1971 1214 2031 εἰκοστὴ
1231 1970 1456 2020 δυναστεία

166 2054 386 2104 Αἰθιόπων
414 2050 626 2116 βασιλέων
647 2053 794 2115 τριῶν.

232 2125 272 2174 α’
309 2129 347 2175 Σ
364 2145 390 2172 α
404 2125 432 2172 6
444 2125 585 2172 ἄκων
599 2159 611 2182 ,
664 2123 707 2176 ὃς
749 2120 1026 2185 αἰχμάλωτον
1074 2117 1298 2183 Βόχχωριν
1350 2115 1456 2164 ἑλὼν

166 2198 322 2246 ἔκαυσε
342 2198 481 2253 ζῶντα
493 2232 506 2257 ,
544 2194 618 2242 καὶ
636 2192 908 2242 &occasum
926 2190 1001 2249 ἔτη
1020 2189 1080 2250 η’.
1284 2198 1306 2221 s

238 2269 277 2335 β’
316 2272 389 2319 Σε
404 2267 577 2333 6ιχὼς
593 2266 811 2331 (Σεύηχος
830 2266 918 2328 G.)
941 2263 1029 2318 υἱὸς
1052 2262 1128 2321 ἔτη
1155 2262 1225 2312 ιδ’.

231 2342 272 2406 γ’
309 2341 529 2405 Τάρκος
555 2338 631 2397 ἔτη
663 2339 734 2396 ιη’.

233 2413 376 2477 Ὁμοῦ
395 2412 468 2471 ἔτη
490 2411 553 2475 μ’.
680 2408 683 2411 ’

776 2505 855 2551 65.

576 2632 696 2678 SEC.
734 2632 1060 2677 EUSEBIUM.

235 2757 367 2802 Idem
389 2771 440 2815 p.
470 2752 547 2816 75,
571 2756 606 2799 B
626 2751 843 2810 εΕἰκοστὴ
869 2751 1048 2814 πέμπτη
1067 2747 1294 2798 δυναστεία
1314 2744 1459 2795 ,Αἰθιό-

174 2846 270 2876 πων
297 2825 509 2892 βασιλέων
529 2827 690 2889 τριῶν..

240 2899 280 2948 α’
318 2897 616 2955 Σαὸάκων,
667 2895 712 2950 ὃς
760 2894 1038 2960 αἰχμάλωτον
1083 2893 1312 2959 Βόχχωριν
1359 2889 1465 2938 ἑλὼν

175 2971 331 3021 ἔκαυσε
355 2974 520 3033 ζῶντα,
540 2970 615 3018 καὶ
636 2968 886 3016 ἐδασίλευσε
910 2967 985 3026 ἔτη
1010 2966 1083 3016 ιδ’.

242 3045 282 3109 β’
318 3040 571 3106 Σεὸιχὼς
594 3040 680 3095 υἱὸς
700 3039 776 3098 ἔτη
793 3040 870 3089 ιδ’.

238 3116 281 3180 γ’
315 3113 570 3177 Ταρακὸς
589 3112 664 3171 ἔτη
688 3113 747 3163 κ’.

243 3187 384 3251 Ὁμοῦ
399 3187 474 3244 ἔτη
501 3187 586 3248 μδ’.

243 3262 410 3308 Euseb.
431 3261 607 3306 Chron.
631 3275 680 3319 p.
714 3263 803 3311 104
834 3274 844 3302 ι
876 3259 922 3302 V
919 3261 1114 3316 igesima
1140 3260 1301 3315 quinta
1319 3256 1469 3313 dyna-

178 3340 270 3381 stia
288 3334 554 3394 AEthiopum
572 3333 668 3376 III
683 3345 856 3392 regum.
1133 3341 1138 3345 ·

244 3407 469 3462 Sabacon,
487 3408 568 3466 qui
575 3413 758 3464 captum
770 3401 1037 3447 Bocchorim
1049 3404 1200 3443 vebum
1212 3400 1433 3444 combussi
1437 3409 1462 3452 t,

185 3483 483 3543 regnavitque
499 3481 637 3522 annis
655 3477 772 3521 XII
790 3474 861 3535 (a.
879 3474 994 3519 Abr.
1024 3470 1305 3531 1282-1293
1319 3468 1351 3532 ).

247 3550 467 3599 Sebichus
481 3550 722 3608 ejusfilius
737 3551 874 3592 annis
888 3547 1004 3590 XII
1026 3544 1230 3606 (1294-1
1241 3541 1376 3603 305)

253 3626 455 3687 Ταὲαςιιε
479 3621 566 3687 (sic
588 3637 774 3682 margo3
797 3628 945 3664 textus
965 3615 1186 3676 Saracus)
1207 3619 1342 3659 annis
1372 3616 1475 3658 XX

190 3687 588 3755 (1306-'4-1325).

218 3787 221 3790 ·
252 3769 444 3814 Summa
465 3781 688 3812 annorum
706 3765 888 3811 XLIV.

2703 169 2797 240 πὶ».
2866 240 2869 243 ,

1621 482 1661 513 1.
1705 463 1894 525 (Seveclz
1919 464 1964 524 Ι)

1611 553 1655 580 2.
1698 535 1882 595 (Seveclt
1900 535 1962 595 ΙΙ)

1613 608 1656 653 3.
1711 609 1724 667 (
1756 606 1954 667 Tarkos)

2150 468 2360 510 Senum
2399 469 2699 512 Namusam.

2153 538 2362 582 Senum
2389 540 2459 582 ΒΑ
2480 539 2532 561 “
2548 554 2677 584 xvv.

2154 610 2290 651 Tmm
2312 609 2342 654 i.
2371 624 2411 654 e.
2429 610 2641 655 Tirhaka.

1591 695 1730 754 Regis
1745 693 1935 737 secundi
1957 701 2145 737 notatur
2179 708 2323 737 annus
2353 696 2663 750 duodecimus,
2690 697 2808 756 regis

1526 766 1648 810 tertii
1690 780 1834 808 annus
1867 769 2134 823 vicesimus,
2185 780 2327 822 quum
2374 767 2612 811 Africanus
2657 769 2805 812 Tar-co

1526 837 1708 880 nonnisi
1735 835 1789 879 18
1811 851 1954 880 annos
1982 836 2169 882 tribuat.
2191 835 2344 893 Quare
2362 837 2409 882 h.
2434 838 2465 882 l.
2493 838 2707 896 praeferas
2725 853 2807 882 an-

1528 922 1612 950 nos
1636 922 1695 950 20
1714 908 1761 949 in
1777 907 2036 951 Eusebiano
2063 907 2359 952 Manethone.
2387 908 2637 953 Bunsenius
2653 911 2809 953 statuit

1528 993 1604 1036 ap.
1641 977 1907 1022 Africanum
1931 993 2020 1037 pro
2056 973 2110 1031 ιη’
2135 977 2433 1021 scribendum
2453 992 2545 1021 esse
2583 977 2668 1032 κη’.
2706 981 2807 1023 Hoc

1530 1051 1651 1094 enim
1663 1050 1805 1093 modo
1818 1051 1956 1094 totius
1967 1049 2182 1108 dynastiae
2195 1063 2340 1093 annos
2356 1063 2449 1092 esse
2463 1051 2809 1108 quinquaginta,
2842 1096 2844 1098 ,

1531 1137 1648 1180 quos
1702 1122 1908 1166 indicare
1950 1121 2171 1165 voluisset
2218 1120 2485 1165 Herodotus
2525 1122 2809 1166 Sabae-onem

1534 1195 1801 1253 AEthiopem
1825 1208 1909 1252 per
1937 1192 1996 1236 50
2023 1207 2168 1236 annos
2196 1207 2407 1252 regnasse
2440 1192 2610 1236 dicens.
2638 1219 2701 1225 —
2724 1194 2811 1238 Ce-

1533 1274 1676 1310 terum
1702 1266 1883 1310 Sabako
1923 1266 1972 1307 in
2006 1265 2135 1308 libris
2158 1265 2296 1308 sacris
2319 1265 2577 1323 appellatur
2611 1265 2705 1308 Sua
2740 1266 2813 1309 vel

1531 1338 1592 1382 So
1622 1338 1794 1398 (Regg.
1819 1339 1895 1397 11,
1930 1353 2001 1393 17,
2031 1340 2055 1388 4
2076 1332 2108 1398 ),
2133 1336 2195 1380 ad
2219 1351 2357 1394 quem
2382 1338 2533 1380 Hosea
2555 1337 2675 1380 circa
2712 1338 2811 1381 vitae

1533 1425 1704 1453 annum
1728 1411 2058 1469 sexagesimum
2095 1408 2371 1467 legationem
2400 1409 2537 1462 misit,
2566 1422 2657 1464 720
2683 1423 2724 1454 a.
2754 1408 2804 1453 C.

1531 1497 1621 1525 sec.
1644 1482 1981 1541 Des-vignoles
2006 1480 2180 1527 Chron.
2205 1479 2248 1524 S.
2272 1506 2337 1518 ·-
2359 1481 2524 1523 Tarcos
2559 1480 2816 1538 appellatur

1538 1549 1743 1615 Τεαρκὼς
1781 1555 1854 1597 vel
1884 1554 1924 1599 T
1927 1551 2091 1615 εοίρκων
2116 1567 2190 1611 ap.
2217 1552 2491 1597 Strabonem
2516 1553 2564 1607 1,
2601 1567 2648 1610 p.
2677 1550 2733 1595 61
2762 1560 2807 1596 et

1534 1627 1636 1684 XV,
1661 1641 1714 1684 p.
1742 1624 1850 1682 687,
1877 1626 1959 1669 ubi
1992 1625 2125 1680 vide;
2150 1619 2339 1685 Θαρακὰ
2362 1625 2411 1667 in
2431 1624 2578 1681 LXX,
2605 1623 2815 1667 Tarhaka

1532 1698 1606 1741 vel
1628 1697 1798 1742 Tiralca
1814 1699 1863 1741 in
1883 1705 2012 1741 textu
2023 1696 2251 1740 Hebraico
2264 1713 2276 1752 ;
2298 1692 2521 1758 Θαρσικής
2543 1711 2618 1754 ap.
2634 1695 2816 1754 Joseph.

1533 1772 1590 1819 A.
1618 1772 1661 1817 J.
1688 1770 1755 1828 X,
1788 1786 1838 1830 13
1878 1769 2055 1830 Θαρθᾶς
2081 1764 2279 1830 βασιλεὺς
2313 1767 2529 1813 Αἰθιόπων
2557 1768 2606 1810 in
2640 1767 2813 1814 Chron.

1535 1843 1690 1887 Pasch.
1713 1855 1759 1900 p.
1788 1857 1806 1885 1
1823 1841 1893 1885 16.
1907 1842 1995 1884 Hic
2015 1848 2180 1884 contra
2204 1839 2427 1883 Sanherib
2452 1853 2607 1898 regem
2631 1838 2819 1897 expedi-

1536 1911 1710 1954 tionem
1753 1909 1949 1967 suscepit
1993 1922 2114 1951 anno
2170 1906 2374 1950 Ezechiae
2439 1902 2622 1948 decimo
2652 1912 2817 1963 quarto

1537 1981 1707 2044 (Regg.
1735 1983 1810 2038 ΙΙ,
1844 1997 1918 2042 19,
1942 1995 1999 2040 93
2018 1981 2137 2024 Jesai
2163 1979 2238 2036 37,
2259 1994 2306 2039 9.
2330 1978 2519 2036 Joseph.
2549 1978 2583 2024 l.
2601 1977 2681 2037 l.),
2707 1992 2817 2025 ann.

1547 2055 1602 2098 18
1624 2071 1700 2100 aer.
1725 2055 1909 2101 Nabon.
1947 2055 2065 2097 Tum
2088 2067 2199 2096 vero
2238 2049 2448 2094 nondum
2475 2064 2556 2093 rex
2587 2057 2705 2103 erat,
2739 2048 2820 2092 sed

1535 2128 1777 2172 auxiliares
1812 2127 1966 2185 copias
1997 2140 2051 2169 ex
2084 2124 2315 2182 AEthiopia
2343 2123 2569 2181 AEgyptiis
2604 2120 2814 2164 adduxe-

1534 2207 1606 2243 rat
1634 2197 1846 2259 (Joseph.
1878 2199 1908 2243 l.
1935 2197 2012 2257 1.).
2039 2198 2201 2239 Postea
2221 2203 2374 2238 autem
2400 2202 2563 2236 contra
2579 2207 2658 2235 eos
2675 2192 2820 2252 ipsos,

1535 2271 1704 2329 quibus
1720 2270 1892 2314 auxilio
1913 2276 2118 2327 venerat,
2136 2281 2181 2310 se
2199 2266 2476 2309 convertisse
2492 2298 2507 2322 ,
2531 2264 2823 2322 imperioque

1535 2358 1621 2402 per
1639 2342 1811 2387 caedem
1834 2341 2017 2386 Sebichi
2042 2340 2215 2398 potitus
2237 2352 2329 2381 esse
2359 2336 2557 2380 videtur.
2580 2336 2712 2380 Certe
2731 2334 2817 2381 Ca·

1536 2430 1633 2458 non
1672 2414 1943 2472 Hieronymi
1978 2413 2025 2454 in
2057 2425 2152 2454 uno
2191 2409 2351 2453 codice
2392 2408 2599 2453 Palatino
2634 2413 2823 2451 annotat

1538 2487 1632 2530 baee
1653 2501 1664 2533 ε
1695 2485 1939 2539 Tarachas,
1967 2482 2162 2528 Sebicho
2180 2478 2425 2538 interfecto,
2449 2482 2673 2538 AEgyptie's
2688 2481 2822 2521 annis

1538 2558 1668 2618 XX(
1684 2561 1735 2604 V.
1759 2557 1944 2602 Boeckh.
1962 2572 2006 2615 p.
2033 2554 2163 2614 329).
2181 2555 2387 2598 Fortasse
2409 2561 2563 2595 tamen
2578 2564 2822 2610 perperam

1540 2627 1777 2687 interfecto
1810 2629 2012 2688 positum
2033 2636 2097 2670 est
2119 2641 2208 2685 pro
2234 2634 2419 2668 mortuo.
2455 2648 2519 2655 —
2549 2623 2620 2666 De
2656 2629 2824 2679 quarto

1539 2718 1645 2763 rege
1696 2704 1934 2762 AEthiope,
1970 2701 2050 2760 qui
2087 2700 2218 2745 initio
2259 2698 2474 2758 dynastiae
2516 2696 2745 2754 sequentis
2777 2696 2827 2741 in

1540 2777 1743 2836 AEgypto
1772 2775 2013 2834 superiore
2046 2771 2275 2831 regnavit,
2301 2769 2407 2812 vide
2432 2768 2595 2828 fragm.
2628 2781 2720 2826 seq.

1756 2901 2036 2946 VICESIMA
2075 2900 2269 2944 SEXTA
2303 2895 2621 2942 DYNASTIA.

2151 3013 2229 3057 66.

1920 3126 2042 3170 SEC.
2079 3122 2454 3169 AFRICANUM.

1613 3251 1814 3310 Syncell.
1840 3265 1886 3309 p.
1913 3247 1987 3305 75,
2005 3250 2046 3291 D
2068 3261 2078 3292 ζ
2107 3241 2253 3300 ἽΞκτη
2290 3241 2363 3289 καὶ
2391 3239 2558 3296 εἰκοστὴ
2600 3235 2823 3285 δυναστεία

1549 3323 1719 3371 Σαϊτῶν
1744 3317 1953 3384 βασιλέων
1979 3316 2111 3363 ἐννέα.

1614 3394 1655 3439 α’
1693 3389 2048 3455 Στεφινάτης
2068 3387 2144 3445 ἔτη
2170 3386 2219 3443 ζ’.

1617 3465 1655 3529 β’
1694 3461 1954 3528 Νεχεψὼς
1974 3462 2047 3519 ἔτη
2076 3461 2134 3514 ς’.

1610 3536 1649 3601 γ’
1688 3534 1888 3600 Νεχαὼ
1914 3534 1989 3592 ἔτη
2009 3533 2068 3592 η’.

1615 3607 1651 3656 δ’
1687 3605 2074 3670 Ψαμμήτιχος
2096 3603 2172 3662 ἔτη
2200 3603 2274 3650 νδ’.

1616 3680 1648 3727 ε’
1684 3682 1726 3729 Ν
1740 3677 1885 3744 εχαὼ
1903 3677 2092 3742 δεύτερος
2117 3675 2190 3732 ἔτη
2216 3674 2271 3727 ς’.
2302 3665 2438 3724 Οἷῖτος
2460 3662 2545 3716 εἷλε
2566 3666 2641 3723 τὴν
2666 3666 2829 3729 ‘lepon-

1553 3751 1702 3814 σαλὴμ
1722 3751 1796 3798 καὶ
1817 3750 2008 3814 Ἰωάχαζ
2031 3748 2100 3796 τὸν
2125 3745 2304 3812 βασιλέα
2328 3741 2601 3806 αἰχμάλωτον
2620 3741 2675 3790 εἷς
2701 3739 2829 3796 Atyo-

232 3841 461 3886 -Sabacus
483 3849 529 3884 et
556 3838 778 3883 Sebichus
799 3852 890 3883 sec.
929 3834 1208 3880 Bunsenium
1250 3831 1374 3876 idem
1412 3840 1478 3876 est
1550 3843 1655 3872 πτον
1679 3823 1892 3885 ἀπήγαγε.

190 3927 388 3968 nomen,
422 3912 616 3956 alterum
652 3925 879 3972 graecum,
920 3909 1116 3952 alterum
1146 3905 1205 3950 ad
1229 3905 1474 3964 aegyptium

195 3982 447 4047 (Schebek)
468 3984 661 4043 propius
683 3981 929 4036 accedens;
953 3980 1132 4024 Sabaeo
1159 3977 1347 4021 fortasse
1369 3975 1478 4020 inde

1618 3895 1658 3950 ς’
1692 3894 1777 3944 Ψά
1797 3911 1934 3956 μμου
1948 3895 1969 3938 θ
1986 3911 2027 3945 ις
2047 3889 2185 3956 ἔτερος
2205 3888 2279 3945 ἔτη
2305 3885 2361 3940 ἕξ.

1619 3967 1652 4023 ζ’
1691 3965 1934 4031 Οὔαφρις
1972 3963 2046 4021 ἔτη
2083 3962 2156 4021 ιθ’,
2179 3954 2214 4026 ᾧ
2238 3957 2499 4024 προσέφυγον
2526 3953 2709 4007 ἁλούσης
2742 3949 2826 3996 ὑπὸ

194 4059 244 4102 in
266 4056 515 4102 laterculos
546 4054 839 4100 Manethonis
860 4061 1099 4112 receptum
1123 4058 1215 4106 est,
1240 4047 1371 4108 quod
1400 4062 1478 4092 au·
1554 4039 1786 4105 Ἀσσυρίων
1811 4035 2097 4103 Ἰερουσαλὴμ
2118 4036 2154 4081 οἳ
2179 4035 2262 4081 τῶν
2286 4027 2502 4079 Ἰουδαίων
2526 4024 2766 4072 ὑπόλοιποι.

197 4136 303 4174 ctor
337 4127 585 4174 Sebichum
607 4129 630 4172 I
665 4126 991 4171 introduxerat
1013 4124 1167 4169 verbis
1199 4136 1210 4168 ε
1239 4118 1472 4176 Sebiclms,

397 4227 634 4257 FRAGMENTA
653 4227 749 4256 msr.
782 4226 849 4254 GB-
868 4233 908 4240 -
927 4220 1019 4249 VOL·
1037 4215 1100 4247 1‘1.·v

1622 4114 1663 4175 η’
1698 4112 1930 4176 Ἄμωσις
1951 4109 2025 4167 ἔτη
2047 4106 2131 4170 μδ’.

2572 4183 2619 4215 38
