3002 4646
48 272 52 275 <
42 180 65 246 ww.

33 598 49 622 Τ
34 559 46 584 “”
35 383 58 542 fient,
40 331 57 369 ,·›·.
47 304 53 314 -,

945 316 1025 365 Ex
1063 316 1365 366 flisToniA
1403 302 1667 366 DlO'DORI
1705 316 1922 364 sicum.

147 427 318 493 πρᾶξαι.
392 428 448 476 Οἱ
469 428 512 474 δὲ
534 425 834 490 ἐγγελάσαντες
855 424 1048 471 ἐκέλευον
1069 427 1238 490 ἀφεῖναι
1258 425 1329 471 τὸν
1353 424 1427 471 ἄν·

146 508 312 566 θρωπον
337 501 599 546 πλανᾶσθαι.
671 497 726 545 ‘O
745 499 789 543 δὲ
812 496 960 543 λαὸὼν
981 496 1058 554 τὴν
1076 496 1226 562 ἄφεσιν
1246 499 1431 562 ἐφιλοτι-

145 572 259 634 μήθη
281 572 357 629 τὴν
377 576 450 618 τοῦ
476 571 689 635 δράματος
714 568 958 615 συντέλειαν
981 569 1083 631 πρὸς
1103 568 1222 622 τέλος
1241 572 1430 633 ἀγαγεῖν.

146 643 229 691 Ἀεὶ
250 644 294 690 δὲ
310 643 607 707 λαμπρότερον
627 643 685 694 εἷς
704 639 780 698 τὴν
801 640 1030 703 βασιλικὴν
1058 641 1270 704 εὐγένειαν
1293 642 1430 687 διατι-

144 715 332 782 θέμενος,
368 715 633 776 ἐξηπάτησεν
669 713 852 767 πολλοὺς
883 713 958 760 καὶ
991 713 1141 768 αὐτοὺς
1166 713 1430 766 Μακεδόνας.

144 792 292 857 Ἔχων
311 789 354 838 δὲ
369 788 569 854 σύνεργον
589 785 803 836 Νικόλαόν
821 805 915 832 τινα
929 786 1113 851 ψάλτην,
1128 786 1364 835 Μακεδόνα
1383 785 1431 831 τὸ

143 864 281 927 γένος,
323 861 500 909 ἐπύθετο
543 859 644 925 παρ’
685 860 814 905 αὐτοῦ
854 858 1102 905 παλλακίδα
1142 857 1431 922 γεγενημένην

147 935 345 1000 Περσέως
358 939 430 981 τοῦ
456 931 677 998 βασιλέως,
695 930 831 992 ὄνομα
848 929 1130 988 Καλλίππαν,
1146 934 1354 978 συνοικεῖν
1375 931 1428 993 (8)

148 1007 355 1073 Ἀθηναίῳ
389 1009 450 1071 τῷ
483 995 774 1070 ΠεργαμηνῷᾸ
844 1003 961 1068 Πρὸς
988 1001 1147 1061 ταύτην
1168 996 1238 1050 οῧν
1259 1001 1432 1050 διελθὼν

145 1080 217 1127 καὶ
240 1078 524 1144 τραγῳδήσας
550 1075 627 1132 τὴν
659 1077 811 1121 ἑαυτοῦ
835 1074 939 1139 πρὸς
963 1074 1138 1139 Περσέα
1170 1075 1432 1138 συγγένειαν,

145 1150 354 1216 εὐπόρησε
378 1149 482 1214 παρ’
506 1149 638 1204 αὐτῆς
662 1147 808 1213 ἐφόδια
833 1146 913 1193 καῖ
931 1147 1087 1211 στολὴν
1112 1147 1339 1211 βασιλικὴν
1359 1147 1434 1194 καὶ

146 1225 336 1286 διάδημα
353 1222 426 1270 καὶ
444 1221 483 1286 β’
499 1219 776 1286 παῖδαςρπρὸς
792 1219 868 1274 τὰς
882 1219 1031 1284 χρείας
1047 1219 1238 1274 εὐθέτους
1249 1240 1259 1250 ·
1276 1220 1434 1278 ἤκουσε

145 1296 184 1343 δ’
211 1298 340 1354 αὐτῆς
370 1292 435 1342 ὅτι
467 1293 540 1343 καὶ
574 1292 723 1353 Τήρης
755 1295 777 1339 ὃ
800 1291 999 1357 βασιλεὺς
1021 1297 1105 1340 τῶν
1134 1295 1323 1359 Θρᾳκῶν
1348 1293 1437 1358 ἔχει

144 1371 327 1430 γυναῖκα
352 1365 578 1415 Φιλίππου
609 1371 683 1412 τοῦ
722 1364 1078 1430 βεὸασιλευκότος
1110 1366 1164 1428 (9)
1200 1363 1430 1429 θυγατέρα.

145 1440 250 1489 Ἀπὸ
274 1439 318 1487 δὲ
342 1437 500 1486 τούτων
521 1442 605 1486 τῶν
628 1440 830 1503 ἀφορμῶν
853 1436 1150 1501 μετεωρισθεὶς
1167 1440 1354 1501 προῆγεν
1376 1438 1435 1489 εἷς

146 1512 345 1577 Θρᾴκην.
418 1512 491 1559 Ἐν
522 1511 699 1576 παρόδῳ
731 1512 775 1558 δὲ
806 1511 1083 1568 καταντήσας
1116 1512 1175 1564 εἷς
1205 1508 1436 1564 Βυζάντιον

147 1584 346 1646 ἐτιμήθη.
419 1583 509 1632 Καὶ
524 1584 680 1641 ταύτης
695 1586 771 1639 τ’ἥς
788 1582 1026 1647 ἀφροσύνης
1042 1580 1205 1628 ἔδωκαν
1222 1580 1342 1635 δίκας
1352 1588 1438 1634 τοῖς

148 1654 382 1719 Ῥωμαίοις
403 1655 643 1710 Βυζάντιοι.
674 1654 893 1703 Πλειόνων
918 1653 989 1718 (ιο)
1005 1652 1050 1700 δὲ
1069 1652 1174 1718 πρὸς
1190 1653 1318 1700 αὐτὸν
1337 1672 1438 1718 συρ·

148 1728 342 1794 ρεόντων,
360 1722 460 1786 ἧκεν
481 1731 536 1781 εἰς
549 1727 730 1792 Θρᾴκην
751 1726 854 1791 πρὸς
869 1725 1038 1791 Τήρην.
1063 1725 1118 1775 ‘O
1133 1725 1178 1773 δὲ
1192 1730 1338 1773 τοῦτον
1357 1725 1435 1790 (ιι)

146 1800 333 1863 τιμήσας
381 1800 537 1848 ἔδωκεν
578 1802 695 1865 αὐτῷ
735 1799 1001 1864 στρατιώτας
1045 1799 1100 1864 ρ’,
1140 1799 1215 1846 καὶ
1247 1799 1439 1861 διάδημα

147 1873 412 1937 περιέθηκεν.
482 1872 566 1921 Διὰ
591 1872 635 1920 δὲ
665 1872 817 1920 τούτου
839 1872 912 1919 καὶ
933 1875 1019 1926 τοῖς
1039 1872 1184 1926 ἄλλοις
1210 1871 1439 1925 δυνάσταις

148 1945 367 1999 συσταθεὶς
389 1945 519 1993 ἔλαὸε
547 1948 650 2011 παρ’
676 1947 813 1992 αὐτῶν
840 1945 995 2000 ἄλλους
1025 1945 1085 2006 ρ’·
1121 1945 1195 1992 καὶ
1222 1945 1441 2009 πορευθεὶς

147 2017 250 2081 πρὸς
289 2018 524 2083 Βαρσαὸὰν
561 2017 632 2066 τὸν
669 2019 859 2084 Θρᾳκῶν
897 2019 1078 2082 βασιλέα
1106 2018 1272 2066 ἔπεισεν
1312 2017 1439 2065 αὐτὸν

148 2094 484 2153 συγκοινωνῆσαι
507 2094 584 2150 τῆς
607 2091 831 2157 στρατείας
847 2092 921 2139 καὶ
942 2098 1204 2156 καταγαγεῖν
1231 2091 1358 2138 αὐτὸν
1385 2093 1442 2146 εἷς

151 2162 421 2210 Μακεδονίαν
445 2163 803 2230 ἄμφισὸητοῧντα
820 2168 896 2221 τῆς
919 2167 1004 2212 τῶν
1027 2164 1292 2214 Μακεδόνων
1315 2168 1442 2229 βασι-

148 2233 265 2288 λείας
301 2237 358 2290 ὡς
393 2235 519 2295 οὔσης
543 2235 765 2303 πατρῴας.
840 2235 954 2285 Ὑπὸ
993 2235 1037 2284 δὲ
1073 2236 1335 2285 Μακεδόνων
1366 2237 1440 2302 (ιε)

150 2309 519 2375 καταπολεμηθεὶς
542 2312 565 2358 ὁ
584 2307 944 2376 Ψευδοφίλιππος
976 2309 1128 2375 ἔφυγεν
1158 2310 1216 2362 εἷς
1247 2308 1443 2374 Θρᾴκην.

150 2379 284 2439 Τέλος
327 2383 536 2449 ἐγκρατὴς
574 2382 741 2446 ἐγένετο
777 2385 861 2429 τῶν
900 2382 1012 2429 κατὰ
1052 2381 1323 2428 Μακεδονίαν
1363 2382 1445 2427 πό-

153 2472 277 2506 Λεων.

220 2530 377 2578 XVII.
420 2526 527 2575 εΌτι
560 2530 583 2573 ὃ
621 2526 816 2575 Σκιπίων
859 2526 917 2579 εἷς
947 2524 1096 2588 λόγους
1136 2524 1348 2571 συνελθὼν
1386 2526 1447 2589 τῷ

154 2600 319 2665 Φαμέα
344 2600 417 2647 καὶ
444 2600 634 2663 μεγάλας
653 2601 770 2663 αὐτῷ
793 2597 1023 2663 προτείνων
1050 2597 1224 2650 ἐλπίδας
1240 2634 1253 2658 ,
1280 2597 1446 2643 ἔπεισεν

155 2674 396 2728 ἀποστῆναι
419 2675 502 2718 τῶν
534 2669 841 2736 Καρχηδονίων
878 2672 969 2735 μεθ’
996 2670 1162 2716 ἱππέων
1183 2668 1335 2733 χιλίων
1372 2668 1446 2715 καὶ

155 2744 399 2793 διακοσίων,

221 2819 397 2866 XVIII.
423 2815 530 2865 “Ori
551 2819 572 2862 ὃ
589 2816 952 2881 ῙΙΓευδοφίλιππ-ος
965 2813 1185 2871 Τελεστὴν
1202 2813 1443 2878 προεχειρί-
1460 2818 1465 2820 ’

158 2909 262 2938 σατο
289 2888 541 2956 στρατηγόν.
577 2886 632 2937 Ὁ
656 2887 700 2934 δὲ
721 2892 813 2942 ταῖς
833 2887 919 2934 ἀπὸ
939 2890 1023 2934 τῶν
1049 2886 1283 2949 Ῥωμαίων
1304 2885 1449 2933 ἐλπίσι

157 2961 542 3028 ψυχαγωγούμενος
580 2960 746 3020 ἀπέστη
775 2959 884 3024 μετὰ
916 2963 1000 3007 τῶν
1025 2958 1190 3006 ἱππέων
1230 2957 1304 3006 καὶ
1343 2959 1450 3024 πρὸς

2730 332 2796 364 XV

1508 431 1655 470 minem
1681 432 1720 469 ct
1740 431 1929 469 facessere
1953 428 2152 477 iuberent.
2211 430 2400 468 Dimissus
2428 431 2559 480 itaque
2588 431 2799 470 Andriscus

1507 527 1784 556 consummare
1810 514 2045 555 comoediam
2070 516 2110 554 ct
2139 515 2188 552 ad
2222 514 2338 553 finem
2371 516 2584 565 perducere
2615 517 2797 556 instituit.

1508 612 1558 650 Et
1571 611 1609 650 in
1625 611 1730 650 diem
1752 610 2065 660 magnificentius
2079 620 2120 648 se
2136 609 2185 648 ad
2204 610 2349 659 regiam
2370 610 2614 650 nobilitatem
2637 622 2797 660 compo-

1507 712 1626 750 nens,
1664 702 1813 741 multos
1850 690 1890 741 et
1917 702 2020 751 ipsos
2055 700 2289 740 Macedones
2321 700 2557 749 decipiebat.
2612 700 2804 749 Adjutore

1508 792 1695 831 utebatur
1718 791 1879 831 Nicolao
1901 790 2072 841 quodam
2100 791 2246 840 psalte,
2270 790 2341 840 qui
2363 800 2505 839 genere
2524 790 2688 828 Macedo
2705 791 2802 829 erat..

1509 886 1569 922 Ex
1595 893 1642 922 eo
1671 882 1864 933 comperit
1896 881 2142 932 Callippam,
2175 881 2270 920 olim
2305 881 2438 920 Persei
2469 881 2567 930 regis
2597 880 2804 930 pellicem,

1509 985 1617 1013 nunc
1642 975 1789 1014 versari
1821 985 1913 1013 cum
1947 974 2137 1014 Athenaeo
2162 977 2418 1023 Pergameno.
2475 972 2599 1023 Igitur
2632 972 2682 1011 ad
2706 972 2808 1011 hanc

1510 1077 1594 1106 sese
1624 1066 1814 1115 contulit,
1843 1068 1884 1105 et
1913 1078 2039 1116 quum
2068 1066 2244 1105 fabulam
2269 1066 2320 1105 de
2346 1065 2579 1115 cognatione
2607 1064 2681 1104 sibi
2715 1075 2807 1102 cum

1509 1155 1653 1192 Perseo
1680 1152 1947 1192 intercedente
1972 1151 2196 1201 recitasset,
2227 1151 2439 1202 pecuniam
2459 1151 2508 1190 ab
2529 1162 2576 1190 eo
2598 1149 2749 1200 accepit
2769 1151 2810 1189 et

1510 1240 1653 1279 stolam
1674 1239 1819 1289 regiam
1841 1239 1880 1278 et
1899 1237 1948 1277 ad
1971 1237 2188 1276 ministeria
2212 1248 2356 1287 pueros
2371 1237 2485 1276 duos.
2540 1240 2663 1276 Porro
2680 1247 2702 1276 e
2718 1237 2808 1276 Cal-

1511 1326 1618 1376 lippa
1647 1325 1802 1364 audivit
1829 1327 1999 1364 Tereum
2031 1323 2212 1363 Thracia>
2241 1323 2420 1373 regulum
2448 1323 2607 1362 duxisse
2644 1322 2810 1373 Philippi

1512 1412 1612 1461 regis
1638 1411 1774 1450 filiam.
1829 1410 1932 1450 Hinc
1954 1409 1994 1448 in
2011 1409 2200 1458 majorem
2221 1420 2330 1459 spem
2345 1410 2501 1448 erectus
2515 1439 2527 1457 ,
2545 1408 2585 1446 in
2602 1407 2811 1446 Thraciam

1512 1496 1787 1548 proficiscitur.
1843 1497 1922 1535 lter
1944 1494 2090 1534 faciens
2102 1495 2336 1545 Byzantium
2357 1494 2543 1542 devertit,
2561 1493 2629 1533 ubi
2646 1494 2814 1532 bonores

1514 1581 1550 1620 ei
1565 1581 1806 1621 habuerunt.
1861 1582 1987 1631 cujus
2003 1581 2279 1633 imprudentiae
2295 1591 2431 1631 poenas
2450 1581 2654 1631 Byzantini
2675 1583 2815 1620 Roma-

1514 1666 1576 1706 nis
1608 1665 1819 1704 dederunt.
1875 1663 2061 1704 Pluribus
2088 1664 2255 1704 subinde
2285 1663 2335 1703 ad
2366 1674 2458 1703 eum
2497 1662 2813 1710 confluentibus,

1515 1756 1677 1796 tandem
1701 1756 1742 1795 in
1764 1756 1975 1795 'thraciam
1990 1755 2099 1794 venit
2118 1755 2169 1793 ad
2188 1757 2374 1794 Tereum.
2430 1757 2467 1794 Is
2493 1753 2709 1792 honorifice
2741 1763 2813 1791 ex-

1516 1849 1632 1899 cepto
1648 1849 1794 1888 milites
1806 1849 1967 1888 centum
1989 1848 2098 1887 dedit
2119 1849 2160 1888 et
2175 1848 2358 1887 diadema
2371 1847 2574 1898 imposuit.
2628 1846 2816 1896 Ejusdem

1517 1950 1637 1990 opera
1662 1938 1876 1979 Andriscus
1900 1949 1994 1977 cum
2016 1938 2156 1978 ceteris
2175 1938 2319 1988 regulis
2338 1948 2570 1988 congressus
2601 1936 2700 1976 alios
2722 1947 2815 1975 cen-

1517 2029 1606 2069 tum
1622 2029 1768 2069 milites
1787 2029 1837 2068 ab
1856 2029 1903 2068 iis
1924 2029 2112 2068 obtinuit.
2136 2029 2315 2079 Denique
2334 2027 2384 2067 ad
2410 2028 2621 2068 Barsabam
2638 2026 2820 2066 Thraciae

1519 2131 1651 2171 regem
1670 2121 1870 2171 profectus
1886 2121 1966 2169 est,
1987 2119 2102 2170 eique
2118 2120 2326 2170 persuasit,
2340 2121 2385 2158 ut
2404 2118 2645 2169 expeditioni
2666 2118 2819 2157 socium

1520 2223 1562 2252 se
1584 2212 1793 2262 adjungat,
1816 2212 2026 2262 ipsumque
2044 2211 2094 2251 de
2122 2213 2286 2262 paterno
2306 2222 2427 2261 regno
2454 2210 2696 2251 Macedoniae
2725 2220 2819 2248 con-

1520 2300 1749 2340 tendentem
1770 2299 1948 2339 reducat.
1969 2323 2022 2332 -
2039 2300 2225 2339 Ceterum
2253 2300 2604 2350 Pseudophilippus
2630 2310 2654 2338 a
2687 2302 2815 2339 Mace-

1522 2386 1691 2425 donibus
1710 2386 1850 2436 proelio
1867 2386 1997 2424 victus
2018 2386 2108 2435 suga
2127 2385 2168 2424 in
2195 2386 2406 2424 Thraciam
2434 2397 2477 2425 se
2496 2385 2659 2436 recepit.
2683 2387 2822 2425 Postea

1526 2466 1661 2504 tamen
1679 2466 1845 2505 urbibus
1861 2465 2102 2505 Macedoniae
2116 2465 2263 2515 potitus
2286 2467 2358 2506 est.

1574 2541 1699 2579 XVII.
1732 2539 1883 2588 Scipio,
1909 2538 1950 2577 in
1982 2539 2228 2589 colloquium
2259 2550 2351 2579 cum
2372 2541 2546 2580 Phamea
2571 2550 2823 2590 congressus,

1525 2646 1649 2686 quum
1678 2621 1840 2684 magnas
1864 2635 1900 2674 ei
1935 2645 2022 2685 spes
2041 2634 2305 2685 obtendisset,
2331 2636 2525 2685 persuasit
2565 2637 2611 2674 ut
2642 2636 2692 2674 ab
2724 2638 2823 2675 Car-

1526 2729 1836 2779 thaginiensibus
1862 2729 2049 2768 deficeret
2077 2740 2171 2768 cum
2194 2729 2396 2779 equitibus
2426 2730 2535 2770 mille
2562 2731 2603 2770 et
2633 2730 2826 2770 ducentis,

1582 2821 1730 2858 XVIII.
1763 2820 2118 2870 Pseudophilippus
2141 2822 2323 2860 Telesten
2347 2822 2545 2860 exercitus
2571 2821 2713 2860 ducem
2730 2832 2825 2860 con-

1525 2893 1721 2932 stituerat.
1775 2895 1811 2932 Is
1837 2904 1933 2932 vero
1956 2904 2046 2943 spe,
2072 2905 2193 2944 quam
2216 2895 2384 2933 Romani
2407 2895 2746 2942 monstraverant,
2768 2895 2826 2933 al·

1528 2967 1674 3014 lectus,
1696 2966 1840 3005 defecit
1877 2978 1971 3006 cum
2008 2967 2209 3017 equitibus
2242 2969 2283 3007 et
2323 2966 2375 3006 ad
2412 2967 2619 3007 Caecilium
2653 2967 2822 3007 transiit-

159 3099 265 3143 σέων
286 3103 525 3153 διαστραφεῖν
555 3101 694 3140 codex.
711 3121 764 3130 ——
779 3104 817 3141 7.
850 3099 1047 3150 αὐτοῖς]
1079 3100 1184 3150 αὐτῷ
1200 3099 1339 3140 codex.
1359 3120 1411 3127 —
1432 3107 1468 3141 8.
1491 3103 1741 3139 συνοικεῖν
1762 3100 1776 3151 ]
1804 3104 1978 3139 συνοκεῖν
2009 3100 2098 3140 cod.
2129 3102 2343 3141 Athenaeus
2364 3101 2439 3140 fuit
2459 3101 2580 3141 frater
2610 3101 2749 3141 Attali.
2771 3122 2823 3131 -—

160 3164 197 3200 9.
224 3161 273 3211 βε
286 3157 472 3208 eoram]
495 3159 623 3209 βασιλ.
645 3157 790 3197 codex.
818 3162 954 3198 -10.
973 3157 1228 3208 πλειόνων]
1252 3160 1450 3199 τελειόνων
1468 3159 1608 3198 codex.
1627 3179 1678 3186 —-
1698 3162 1755 3197 11.
1771 3158 1961 3209 τοῦτον]
1986 3163 2132 3198 τοῦτων
2154 3160 2260 3210 (sic)
2278 3159 2419 3200 codex.
2440 3182 2492 3192 -
2524 3165 2584 3199 12.
2614 3159 2828 3199 Μακεδό-

162 3219 269 3270 νων]
283 3218 503 3263 Μακεδόνος
524 3217 664 3256 codex.
684 3219 728 3255 In
745 3216 953 3267 postremis
966 3216 1094 3255 addidi
1112 3216 1346 3266 particulam
1361 3220 1401 3259 δὲ
1423 3219 1510 3268 post
1531 3227 1672 3256 vocem
1688 3217 1808 3261 τέλος.

213 3280 338 3318 XVII.
369 3277 459 3316 Fol.
486 3281 554 3314 182
567 3306 579 3325 ,
602 3280 650 3314 25
674 3298 720 3306 —
733 3279 778 3315 27
799 3285 882 3315 vso.
901 3297 952 3302 —-
969 3273 1163 3325 Φαμέᾳ]
1186 3276 1318 3327 Φανέᾳ
1340 3277 1487 3325 codex3
1516 3277 1677 3326 Φαμέας
1696 3276 1840 3315 suidas
1860 3286 1892 3314 s.
1911 3286 1952 3314 v,
1971 3276 2011 3315 et
2032 3287 2072 3314 v.
2094 3277 2259 3327 εὔψυχος
2273 3305 2283 3324 ,
2301 3277 2435 3315 locum
2455 3277 2623 3315 afferens
2639 3275 2826 3325 probabi·

166 3335 253 3375 liter
271 3345 293 3374 e
310 3332 472 3383 Polybio
489 3332 554 3381 (v.
575 3333 741 3372 XXXVI
754 3360 765 3379 ,
784 3337 830 3379 6,
856 3335 868 3370 t
890 3332 903 3380 )
933 3331 1127 3381 petitum,
1145 3332 1184 3370 et
1207 3335 1408 3384 Eunapius
1428 3345 1465 3384 p.
1487 3335 1535 3372 94
1548 3362 1560 3382 ‚
1588 3337 1632 3372 13
1651 3333 1711 3373 ed.
1729 3335 1868 3381 Bona,
1895 3333 1961 3371 ubi
1980 3333 2162 3372 Phameae
2179 3334 2230 3373 de
2251 3334 2434 3383 Scipione
2451 3333 2627 3381 dictu1n3
2646 3332 2828 3380 Φαμαίας

165 3395 362 3445 appianus
373 3393 412 3430 et
428 3390 500 3430 Dio
513 3391 692 3439 Cassius;
713 3390 940 3430 Phamoeas
957 3390 997 3428 in
1013 3390 1124 3429 editt.
1143 3391 1259 3430 Livii.
1276 3393 1345 3432 His
1360 3392 1574 3431 obsecutus
1586 3391 1674 3430 dedi
1685 3393 1858 3441 Φαμέας,
1872 3403 2117 3442 quamquam
2130 3403 2200 3442 per
2213 3403 2254 3432 se
2268 3403 2411 3431 nomen
2428 3393 2577 3436 Φανέας
2592 3391 2694 3439 (aliis
2711 3391 2829 3429 modo

165 3450 336 3494 Φαναίας
359 3448 478 3488 modo
499 3447 644 3492 Φανίας
658 3462 670 3498 ;
684 3447 733 3486 de
751 3457 921 3497 quarum
944 3448 1159 3485 formarum
1176 3448 1326 3487 solenni
1348 3450 1578 3488 confusione
1589 3450 1740 3488 multus
1753 3452 1812 3488 est
1827 3450 1960 3488 Ebert.
1984 3450 2024 3487 in
2045 3450 2142 3489 Diss.
2164 3450 2241 3489 Sic.
2260 3462 2297 3500 p.
2322 3454 2366 3491 77
2387 3462 2474 3500 sqq.
2492 3450 2504 3498 )
2525 3450 2620 3487 nihil
2637 3449 2803 3487 ostendit
2818 3479 2827 3496 ‚

165 3510 288 3551 immo
307 3517 404 3554 cum⁴
420 3505 535 3545 simili
555 3505 789 3555 cognomine
812 3504 1008 3553 Annonis,
1027 3504 1093 3554 qui
1117 3507 1263 3551 Λευκὸς
1282 3507 1511 3556 vocabatur,
1529 3508 1619 3556 apte
1639 3507 1823 3556 componi
1851 3509 1994 3556 potest.
2016 3508 2206 3546 Ceterum
2228 3509 2422 3548 Phameas
2441 3510 2500 3547 est
2519 3508 2699 3557 Ἰμίλκων
2717 3508 2738 3545 ὀ
2754 3511 2830 3544 τῶν

167 3564 437 3618 Καρχηδονίων
450 3564 656 3614 ἵππαρχος,
671 3563 703 3614 ᾧ
720 3562 901 3612 Φαμαίας
915 3562 1114 3612 ἐπώνυμον
1127 3563 1173 3615 ἦν
1188 3565 1200 3613 (
1215 3564 1381 3614 Appian.
1398 3568 1496 3604 Pun.
1514 3569 1561 3605 97
1578 3565 1614 3614 ),
1633 3566 1714 3610 νέος
1730 3566 1783 3603 ἔτι
1797 3566 1850 3603 ὢν
1863 3567 1927 3604 καὶ
1949 3567 2172 3617 θρασύτερος
2194 3567 2229 3611 ἐς
2248 3567 2374 3618 μάχας
2392 3567 2406 3617 (
2423 3567 2477 3606 id.
2498 3578 2531 3606 c.
2554 3572 2625 3606 100
2642 3566 2693 3604 cl.
2717 3569 2788 3605 104
2799 3567 2829 3615 ),

168 3624 234 3672 qui
258 3621 515 3660 Numidarum
531 3631 642 3660 more
661 3621 815 3660 hostem
831 3620 1025 3658 lacessens
1045 3620 1220 3658 multum
1242 3621 1430 3660 Romanis
1448 3622 1557 3661 dedit
1573 3623 1730 3672 negotii.
1750 3626 1807 3662 De
1828 3623 1913 3672 ejus
1931 3634 2025 3662 cum
2047 3624 2229 3673 Scipione
2245 3625 2446 3675 colloquio
2467 3626 2507 3664 et
2527 3623 2746 3663 defectione
2764 3623 2829 3661 fu-

169 3682 248 3720 sius
263 3681 364 3720 idem
382 3679 580 3729 Appianus
593 3689 629 3718 c.
651 3682 720 3718 to7
736 3679 775 3718 et
794 3682 883 3727 108,
900 3677 1007 3717 unde
1026 3677 1113 3717 haec
1128 3689 1282 3728 appono
1303 3695 1313 3719 ι
1329 3682 1415 3719 Τῶν
1432 3681 1471 3720 δὲ
1489 3681 1656 3731 ἰλαρχῶν
1671 3683 1706 3719 οἱ
1724 3681 1790 3731 μὲν
1809 3682 1877 3719 σὺν
1891 3684 1967 3726 τοῖς
1983 3682 2109 3720 αὐτῶν
2125 3683 2409 3732 ηὐτομόλησαν,
2423 3685 2488 3722 καὶ
2507 3684 2677 3730 ἐγένοντο
2693 3680 2828 3723 πάντες

171 3739 206 3783 ἐς
225 3739 334 3782 διακ
347 3752 402 3777 οσ
414 3738 425 3776 ί
439 3751 516 3782 ους
532 3738 611 3775 καὶ
631 3736 906 3786 δισχιλίους
923 3737 1061 3782 ἱππέας
1076 3748 1084 3758 ·
1098 3737 1185 3781 τοὺς
1202 3738 1241 3776 δὲ
1258 3738 1399 3777 ’Άννων
1414 3740 1636 3788 κατέλυσεν,
1655 3740 1687 3786 ᾧ
1701 3740 1847 3784 Λευκὸς
1861 3739 1906 3786 ἦν
1925 3740 2136 3786 ἐπίκλησις.
2154 3743 2334 3781 Fortasse
2351 3743 2470 3782 etiam
2487 3742 2593 3792 apud
2610 3740 2829 3780 Diodorum

171 3806 241 3845 pro
256 3796 387 3846 χιλίων
400 3798 484 3834 erat
495 3796 704 3846 δισχιλίων.
725 3795 786 3834 Cf.
806 3794 888 3833 Liv.
911 3798 980 3844 Ep.
1001 3801 1049 3834 50
1065 3807 1074 3833 :
1094 3798 1197 3835 Item
1213 3797 1432 3836 Phamoeae
1450 3799 1694 3842 Himilconi,
1709 3797 1913 3846 proesecto
1929 3800 2121 3847 equitum
2143 3800 2582 3849 Carthaqiniensium,
2600 3797 2824 3846 virofortz',

173 3855 214 3892 ec
232 3855 352 3902 cujus
370 3855 590 3903 prcecipua
604 3863 731 3902 opera
755 3854 873 3891 Poem'
889 3852 1141 3898 utebantur,
1170 3857 1388 3903 persuasit
1410 3858 1462 3895 ut
1492 3856 1552 3894 ad
1573 3858 1779 3894 Romanos
1811 3865 1909 3893 cum
1938 3858 2128 3895 exercitu
2158 3866 2236 3895 suo
2267 3859 2490 3897 transiret.
2522 3858 2582 3897 Cf.
2617 3856 2688 3895 Dio
2716 3857 2825 3894 Cass.

175 3909 242 3949 lib.
255 3912 360 3960 XXI,
377 3911 476 3950 tom.
495 3912 547 3960 II,
560 3920 601 3960 p.
623 3915 669 3950 ιο
682 3912 721 3949 et
734 3913 806 3948 334
824 3909 884 3948 ed.
901 3912 1017 3950 Gros.
1033 3911 1382 3956 Quemadmodum
1395 3914 1585 3952 Phameas
1596 3912 1647 3951 ad
1664 3915 1860 3952 Romanos
1874 3912 2034 3960 defecit,
2051 3914 2107 3952 sic
2119 3915 2253 3963 paullo
2271 3917 2359 3964 post
2372 3916 2548 3964 minyas,
2565 3912 2827 3952 Numidarum

175 3967 330 4018 ductor,
343 3970 408 4018 qui
430 3979 522 4007 cuin
538 3969 706 4007 Gulussa
725 3979 748 4006 a
764 3971 1036 4007 Romanorum
1053 3969 1232 4018 partibus
1247 3972 1430 4022 steterat,
1449 3971 1497 4010 ad
1515 3970 1854 4019 Carthaginienses
1870 3971 2079 4020 transfugit
2097 3971 2287 4021 (Appian.
2309 3975 2407 4012 Pun.
2431 3977 2495 4012 111
2514 3974 2539 4020 ).
2562 3975 2638 4010 Has
2656 3971 2827 4009 sortunae

179 4025 326 4074 lances,
346 4027 465 4076 puto,
483 4025 631 4064 indicat
648 4025 808 4064 Diodori
830 4026 1095 4075 fragmentum
1114 4028 1352 4067 Vaticanum
1376 4040 1413 4079 p.
1440 4033 1485 4068 91
1508 4029 1521 4078 (
1538 4028 1697 4067 Diodor.
1722 4031 1894 4076 XXXII,
1921 4034 1965 4067 16
1983 4030 1995 4077 >
2013 4046 2022 4067 :
2040 4030 2129 4068 Ὅτι
2147 4032 2170 4076 ἡ
2187 4031 2284 4081 τύχη
2301 4031 2471 4081 καθάπερ
2488 4029 2658 4074 ἐπίτηδες
2675 4028 2825 4076 ἀγωνο-

177 4083 340 4122 θετοῠσα
358 4084 424 4127 τὰς
443 4083 665 4133 συμμαχίας
681 4084 857 4128 ἐνναλλὰξ
871 4088 948 4129 τοῖς
965 4085 1238 4135 διαπολεμοῦσι
1256 4086 1475 4137 παρείχετο.
1499 4089 1632 4133 Quare
1647 4088 1840 4125 sententIa
1862 4087 1946 4125 haec
1965 4089 2126 4136 (nostro
2151 4087 2598 4137 traginentojungenda)
2623 4085 2823 4134 transponi

178 4140 292 4179 debet
314 4142 400 4190 post
418 4141 486 4181 lib.
512 4144 673 4189 XXXlI,
698 4153 733 4180 c.
760 4145 821 4190 17,
847 4142 914 4181 ubi
935 4143 1012 4190 (ex
1030 4143 1159 4182 Photii
1176 4146 1301 4194 Exc.)
1325 4145 1375 4184 de
1393 4146 1520 4183 morte
1538 4144 1749 4183 Masinissae
1769 4155 1899 4183 sermo
1917 4147 1989 4184 est.
2021 4147 2121 4184 Nam
2146 4146 2348 4184 Masinissa
2371 4148 2453 4192 jam
2475 4145 2686 4183 defunctus
2713 4147 2820 4191 erat,

178 4210 258 4250 quo
272 4200 446 4248 tempore
463 4199 651 4238 Phameas
666 4199 822 4248 defecit,
837 4210 1078 4250 quamquam
1095 4203 1309 4252 utrumque
1323 4203 1518 4253 pertineat
1530 4202 1579 4240 ad
1592 4212 1656 4240 an.
1680 4205 1750 4241 149
1767 4203 1977 4241 exeuntem
1993 4203 2176 4251 (Manilio
2193 4213 2302 4241 cons.
2319 4203 2353 4250 );
2372 4202 2531 4251 Bitbyas
2545 4204 2679 4240 autem
2700 4203 2824 4240 trans-

181 4255 277 4305 fugit
292 4257 427 4294 aestate
441 4256 532 4294 anni
553 4258 622 4294 ¹48
639 4257 879 4306 (Calpurnio
897 4257 1034 4296 Pisone
1049 4269 1156 4298 cons.
1171 4259 1199 4306 ).

235 4313 375 4352 xvii-1.
406 4314 494 4351 Fol.
527 4315 618 4361 182,
645 4319 690 4352 28
719 4325 757 4353 v.
781 4329 822 4339 -
851 4319 916 4353 isis
933 4346 941 4363 ,
961 4321 982 4353 2
1005 4327 1041 4355 r.
1068 4319 1124 4355 De
1145 4317 1296 4355 saevitia
1322 4316 1637 4367 Pseudophilippi
1662 4316 1822 4356 victoris
1838 4318 1886 4355 cf.
1912 4317 2071 4356 Diodor.
2102 4319 2264 4363 XXXIl,
2286 4324 2330 4362 9,
2360 4317 2425 4354 ubi
2450 4319 2581 4356 nostra
2605 4320 2695 4357 sunt
2722 4319 2823 4358 inse-
