3016 4628
442 265 1303 381 HERODORUS
1376 266 2464 380 HERACLEENSIS.

1239 515 1663 534 ,ψ

206 679 500 734 Herodorus,
540 676 562 721 ὁ
586 669 914 738 Ἡρακλεώτης,
956 672 978 716 ὃ
1003 667 1256 732 μυΟολόγος,
1299 671 1321 716 ὃ
1342 673 1418 716 τοῦ

139 749 362 816 Βρύσωνος
385 751 458 794 τοῦ
497 748 696 810 σοφιστοῦ
728 741 889 806 πατήρ.
925 746 994 788 lta
1025 744 1293 787 Aristoteles
1331 742 1422 803 (fr.

146 841 219 879 12,
244 840 262 867 1
278 839 318 882 1,
354 821 446 882 10).
469 822 648 878 Bryson
671 816 723 879 (³⁹)
754 816 1069 862 Heracleensis
1093 831 1198 858 cum
1229 816 1430 860 Socratis

141 895 376 954 discipulis
418 892 658 950 Aristippo
693 899 739 934 et
762 888 1034 945 Antisthene
1080 889 1382 946 componitur
1404 903 1430 932 a

139 967 443 1024 Theopompo
458 961 586 1022 apud
605 962 881 1006 Athenaeum
898 959 968 1003 XI
982 994 995 1018 ,
1014 974 1064 1018 p.
1084 956 1193 1015 508,
1210 961 1251 1002 D
1281 974 1292 1002 :
1315 955 1428 1005 Θεό-

137 1055 306 1096 πομπος
330 1039 352 1083 ὁ
382 1035 485 1088 Χῖος
509 1036 552 1081 ἐν
578 1035 639 1097 τῷ
667 1031 781 1078 κατὰ
803 1034 881 1087 τῆς
916 1030 1153 1083 Πλάτωνος
1184 1029 1430 1094 διατριὸἧς,

139 1132 158 1150 «ι
178 1107 288 1160 Τοὺς
306 1106 503 1164 πολλοὺς,
523 1105 646 1171 φησὶ,
667 1107 751 1150 τῶν
770 1101 978 1164 διαλόγων
996 1104 1124 1148 αὐτοῦ
1142 1101 1338 1166 ἀχρείους
1357 1101 1431 1148 καὶ

138 1181 304 1246 ψευδεῖς
337 1179 387 1226 ἄν
412 1197 475 1232 τις
499 1176 637 1242 εὕροι·
675 1173 926 1240 ἀλλοτρίους
955 1172 998 1220 δὲ
1023 1171 1120 1226 τοὺς
1143 1173 1336 1229 πλείους,
1371 1172 1432 1219 ὅν-

137 1272 213 1306 τας
236 1254 284 1300 ἐκ
318 1255 403 1298 τῶν
427 1249 707 1314 Ἀριστίππου
739 1245 986 1310 διατριὸῶν,
1012 1245 1144 1300 ἐνίους
1168 1247 1212 1292 δὲ
1233 1248 1317 1292 κάκ
1346 1249 1431 1292 τῶν

139 1323 425 1376 Ἀντισθένους
440 1358 452 1381 ,
469 1320 654 1373 πολλοὺς
681 1319 724 1366 δὲ
740 1323 825 1366 κάκ
841 1321 926 1364 τῶν
949 1316 1176 1382 Βρύσωνος
1194 1322 1269 1364 τοῦ
1294 1317 1431 1382 Ἡρα-

137 1397 338 1444 κλεώτου.
375 1418 396 1437 ν
420 1398 568 1458 Igitur
592 1395 865 1440 Herodorus
882 1393 1067 1452 aequalis
1091 1392 1180 1436 fuit
1208 1394 1426 1439 Socratis.

138 1471 441 1515 Accuratiora
458 1469 549 1514 dici
571 1476 827 1526 nequeunt.
851 1466 1028 1524 Quodsi
1053 1480 1109 1509 ex
1135 1465 1294 1509 indole
1313 1481 1432 1524 ope—

137 1559 242 1587 rum
272 1542 586 1600 conjecturam
608 1541 759 1585 facere
784 1541 970 1593 liceret,
998 1538 1303 1582 Herodorum
1326 1547 1432 1598 post

138 1614 454 1673 Pherecydem
477 1623 523 1657 et
546 1612 838 1657 Hellanicum
857 1610 1087 1668 scripsisse
1107 1610 1302 1653 diceres.
1318 1612 1432 1654 Ete-

84 1730 88 1734 ,
135 1688 233 1730 111111
257 1686 369 1731 (111111
390 1686 437 1728 111
474 1694 551 1729 3111
576 1699 762 1727 0111110111
795 1683 1068 1746 Graecorum
1089 1682 1432 1742 mythologiam

139 1769 217 1802 aut
246 1757 441 1802 civitatis
473 1755 663 1813 alicujus
684 1770 758 1798 res
776 1755 839 1799 ad
872 1769 1027 1798 coaeva
1047 1769 1194 1812 usque
1219 1762 1432 1813 tempora

138 1830 293 1890 paucis
312 1829 529 1888 persequi
566 1829 741 1882 solent,
768 1827 1046 1871 Herodorus
1081 1827 1229 1869 mixto
1262 1841 1432 1886 genere

137 1901 332 1961 singulas
352 1899 573 1959 quasdam
590 1898 766 1942 fabulas
791 1914 896 1942 cum
914 1899 1075 1957 patriae
1095 1898 1288 1941 historia
1306 1907 1431 1943 arcte

138 1972 403 2031 conjunctas
433 1980 478 2015 et
504 1971 743 2015 uberrime
770 1972 983 2030 exposuit
1013 1979 1059 2014 et
1078 1971 1164 2026 ita,
1189 1978 1242 2012 ut
1263 1980 1433 2029 praeter

137 2061 295 2090 reruni
314 2052 630 2088 enarratorem
650 2044 789 2087 etiam
804 2045 960 2087 virum
981 2043 1287 2103 philosophiae
1316 2045 1432 2088 alia—

136 2132 334 2176 rumque
353 2116 650 2161 scientiarum
674 2116 927 2175 disciplinis
952 2116 1186 2159 imbutum
1203 2131 1250 2159 se
1276 2125 1433 2160 osten-

136 2191 283 2236 deret.
328 2180 422 2234 Sed
448 2189 546 2233 haec
583 2189 700 2232 nihil
729 2189 818 2232 nisi
851 2189 942 2233 hoc
971 2189 1176 2248 probare
1207 2189 1323 2232 mihi
1359 2191 1434 2232 vi-

137 2264 323 2318 dentur,
342 2262 505 2306 iisdem
521 2261 807 2320 temporibus
824 2261 1003 2306 diversa
1016 2262 1155 2321 plane
1176 2261 1431 2306 scribendae

136 2336 337 2396 historiae
350 2349 522 2394 genera
534 2334 688 2376 locum
700 2334 928 2389 habuisse,
948 2335 1142 2378 alterum
1161 2349 1432 2378 evanescens

133 2409 263 2465 juxta
289 2408 483 2451 alterum
494 2405 590 2464 jam
603 2406 809 2464 primum
826 2404 1133 2450 efflorescens.

205 2481 360 2538 Opera
379 2494 479 2538 quae
503 2478 631 2521 nulla
648 2477 939 2522 dubitatione
952 2479 1167 2538 assignari
1180 2478 1430 2522 Herodoro

103 2555 106 2557 ’
138 2554 336 2611 possint,
363 2551 587 2595 habemus
611 2550 724 2594 duo.
747 2551 978 2606 Primum,
1006 2566 1101 2609 quo
1126 2566 1200 2595 res
1218 2553 1433 2596 Herculis

84 2668 86 2671 ,
140 2634 303 2669 auctor
324 2624 551 2678 narravit,
582 2624 854 2682 inscriptum
876 2632 974 2666 erat
1011 2620 1067 2668 ‘O
1091 2621 1185 2668 καθ’
1210 2620 1430 2682 Ἡρακλέα

138 2694 264 2757 λόγος
292 2693 383 2755 (”).
409 2694 539 2739 Libri
573 2693 669 2751 ejus
699 2694 950 2738 laudantur
980 2696 1168 2753 quintus
1196 2693 1284 2754 (fr.
1314 2695 1428 2756 18),

140 2769 346 2814 decimus
376 2765 462 2830 (fr.
504 2765 617 2826 20),
645 2766 853 2810 decimus
890 2768 1110 2826 septimus
1137 2765 1221 2827 (fr.
1263 2766 1363 2828 31),
1384 2770 1433 2811 in

136 2857 235 2903 fluo
275 2841 398 2893 inter
421 2839 510 2883 alia
537 2838 595 2892 de
626 2853 775 2897 puero
822 2855 973 2883 serino
1004 2848 1126 2893 erat,
1168 2838 1307 2898 quam
1330 2842 1433 2885 tali-

140 2923 213 2958 tro
237 2913 460 2957 Hercules
484 2911 725 2955 occiderit.
745 2912 883 2956 Unde
901 2912 1119 2970 conjicias
1144 2921 1292 2956 totum
1313 2929 1429 2972 opus

141 2983 392 3030 constitisse
429 2984 560 3027 libris
593 2984 779 3028 circiter
814 2984 996 3044 viginti.
1036 3008 1098 3016 --
1128 2984 1342 3027 Alterum
1373 2985 1431 3029 de

141 3057 418 3117 Argonautis
444 3065 571 3112 erat,
610 3055 741 3115 quod
777 3058 890 3100 item
931 3057 1208 3115 inscriptum
1242 3057 1382 3101 suerit
1411 3059 1432 3101 ὃ

141 3125 253 3189 κατᾲ
275 3125 372 3180 τοὺς
412 3124 696 3191 Ἀργοναύτας
716 3124 839 3189 λόγος
854 3163 866 3182 ,
902 3144 1185 3187 quamquam
1218 3129 1255 3172 is
1276 3130 1433 3173 titulus

142 3216 368 3259 nusquam
395 3201 600 3244 occurrit
627 3216 638 3243 ε
680 3201 931 3245 laudantur
960 3201 1106 3245 modo
1125 3202 1163 3246 ’A
1174 3201 1430 3264 ργοναυτικά

147 3272 239 3333 (fr.
270 3278 347 3328 40,
377 3278 456 3328 44,
483 3271 541 3326 45
562 3272 603 3334 ),
629 3273 774 3316 modo
797 3271 1077 3334 Ἀργοναῦται
1098 3271 1183 3334 (fr.
1213 3279 1291 3330 42,
1321 3273 1426 3335 56).

143 3342 364 3390 Piaeterea
387 3346 554 3389 citatur
590 3345 867 3390 Herodorus
885 3347 960 3390 vel
981 3343 1214 3409 Ἡρόδοτος
1235 3347 1276 3391 ἐν
1299 3345 1425 3393 Οἰδί-

142 3417 324 3476 ποδι3Ρ.
352 3417 498 3461 501101.
521 3417 657 3461 Pind.
683 3418 742 3461 ad
760 3419 895 3463 Nem.
915 3421 1000 3474 ΙΙΙ,
1023 3418 1081 3463 25
1104 3419 1188 3478 (fr.
1219 3418 1294 3479 6),
1323 3429 1368 3463 01
1389 3420 1429 3464 ἐν

146 3486 361 3552 Πελοπεία
381 3503 457 3548 ap.
481 3489 682 3533 eundem
704 3489 763 3532 ad
781 3487 920 3548 Pyth.
945 3491 1032 3545 XI,
1055 3489 1134 3550 25(
1150 3491 1208 3534 fr.
1230 3492 1285 3535 61
1309 3490 1342 3552 ).
1364 3495 1430 3535 Ac

144 3561 306 3606 dixisse
323 3558 626 3606 Herodorum
650 3561 709 3606 de
734 3561 898 3606 fabulis
917 3563 1145 3606 Thebanis
1178 3572 1224 3607 et
1250 3565 1433 3624 Argivis

194 3695 243 3745 (*)
273 3695 458 3745 Ejusdem
474 3696 658 3746 Brysonis
674 3697 856 3736 meminit
884 3697 1045 3737 Aristot.
1069 3698 1233 3738 Elench.
1254 3701 1426 3750 Sopliist.

143 3764 177 3791 c.
202 3757 242 3792 11
257 3751 308 3802 ,ᾗ
333 3758 391 3802 ii,
412 3752 548 3803 ibique
570 3754 792 3793 Alexander
806 3755 1014 3805 Aphrodis.
1035 3766 1073 3805 p.
1092 3760 1155 3805 25,
1173 3759 1218 3806 B,
1236 3759 1276 3796 et
1293 3763 1356 3808 30,
1381 3763 1429 3808 A,

145 3811 195 3860 Β,
217 3811 374 3850 Α115101.
395 3812 549 3861 Analyt.
568 3813 720 3851 Poster.
737 3815 778 3863 1,
802 3817 849 3862 9,
870 3813 1005 3862 ibique
1025 3814 1268 3864 Philoponus
1290 3827 1330 3866 p.
1360 3823 1430 3867 26,

145 3867 192 3914 B,
204 3868 243 3906 et
259 3873 328 3918 333
347 3869 506 3909 Aristot.
526 3869 688 3909 Rhetor.
711 3873 762 3910 ΙΙΙ
779 3902 790 3921 ,
816 3876 838 3910 2
851 3902 862 3920 ,
881 3874 926 3915 4,
945 3872 1079 3922 ibique
1099 3874 1223 3912 schol.
1245 3877 1432 3926 Stephani

144 3923 183 3962 in
198 3925 372 3965 Crameri
401 3927 546 3966 Anecd.
583 3928 705 3969 Paris.
736 3932 797 3978 ΙΙ,
829 3941 870 3979 p.
901 3932 1001 3978 304,
1032 3934 1070 3970 8.
1102 3931 1223 3970 Plura
1252 3933 1343 3973 vide
1366 3946 1454 3984 ap..

143 3981 442 4032 schweigliaeus.
465 3985 513 4023 ad
536 3985 678 4027 Athen.
702 3987 728 4026 1.
753 3987 778 4026 l.
802 3989 900 4026 tom.
920 3990 991 4036 VI,
1007 3999 1046 4038 p.
1067 3993 1140 4028 328
1162 4000 1248 4039 sqq.

195 4039 267 4090 (**)
294 4041 378 4092 Ἤρ.
402 4042 440 4080 ἐν
469 4040 499 4080 ε’
524 4047 593 4082 τοῦ
619 4044 704 4083 καθ’
731 4045 925 4095 Ἡρακλέα
944 4046 1083 4095 λόγου,
1114 4047 1247 4086 schol.
1270 4050 1429 4091 Hffiiod.

147 4095 223 4143 (Ji.
259 4098 358 4145 19);
381 4098 460 4148 Ἤρ.
492 4098 531 4137 ἐν
564 4100 724 4149 βιὸλίοις
751 4104 835 4153 περὶ
859 4107 929 4142 τοῦ
960 4106 1045 4142 καθ’
1070 4106 1261 4155 Ἡρακλέα
1291 4107 1451 4158 λόγου,-

145 4154 295 4194 Tatian.
322 4155 392 4203 (fr.
413 4158 479 4205 10)
494 4171 505 4205 ;
523 4158 608 4208 Ἡρ.
624 4160 662 4197 ἐν
684 4161 728 4204 ιζ’
741 4166 809 4200 τοῦ
825 4164 909 4201 καθ’
925 4163 1119 4214 Ἡρακλέα
1131 4165 1246 4213 λόγου
1259 4198 1269 4214 ,
1293 4168 1430 4208 Athen.

148 4211 215 4258 (fr.
241 4213 328 4263 3i);
354 4214 390 4251 ἐν
408 4213 431 4251 ι’
451 4218 527 4252 τῶν
547 4216 634 4255 καθ’
651 4218 842 4268 Ἡρακλέα
859 4221 1044 4270 stephan.
1069 4222 1140 4269 (fr.
1170 4226 1248 4273 20).

1503 681 1681 716 constat
1693 671 1896 727 aliunde3
1909 671 1989 716 sed
2001 688 2114 716 num
2127 672 2176 716 id
2189 672 2349 717 fecerit
2364 675 2411 718 in
2427 679 2701 735 amplissimo
2722 682 2802 726 illo

1508 744 1566 788 de
1603 745 1743 788 rebus
1775 746 1988 789 Herculis
2013 760 2156 804 opere
2171 779 2183 800 ,
2208 745 2570 805 digressionibus
2595 752 2765 796 referto
2781 789 2793 808 ‚

1506 831 1564 861 an
1584 817 1898 875 peculiaribus
1918 817 2084 860 libellis
2099 851 2110 872 ,
2135 810 2323 861 difficile
2348 818 2477 862 dictu
2497 830 2578 864 est.
2608 825 2799 869 Pericu-

1506 888 1603 930 lum
1626 889 1763 932 etiam
1787 904 1846 931 ne
1873 888 2122 932 Herodoro
2155 898 2315 932 nostro
2341 906 2443 949 quae
2468 893 2617 938 aliena
2651 897 2708 939 ab
2738 913 2795 940 00

1505 969 1610 1004 511111
1635 960 1955 1004 obtrudamus.
1983 963 2191 1005 Primuiii
2216 963 2338 1005 enim
2377 979 2523 1021 quum
2560 962 2801 1031 Ἡρόδωρος

1505 1048 1823 1091 saepenumero
1842 1033 2008 1077 abierit
2024 1035 2073 1076 in
2096 1030 2340 1098 Ἡρόδοτος,
2371 1035 2506 1080 facile
2525 1038 2803 1086 adducimur

1505 1113 1557 1147 ut
1574 1121 1864 1164 quaecunque
1887 1106 2013 1165 apud
2034 1107 2330 1150 Herodotum
2362 1109 2803 1158 Halicarnassensein

1506 1192 1604 1219 non
1627 1178 1860 1236 leguntur,
1886 1193 1939 1221 ea
1963 1177 2200 1222 Herodoti
2221 1194 2313 1222 esse
2333 1188 2564 1238 putemus.
2588 1185 2804 1229 Attamen

1505 1250 1662 1307 plures
1700 1249 1890 1293 fuerunt
1928 1250 2184 1305 Herodoti,
2236 1266 2439 1309 quorum
2487 1269 2630 1309 unus,
2690 1258 2805 1301 010-

1506 1321 1707 1378 phyxius
1721 1354 1732 1375 ,
1761 1320 1819 1364 de
1841 1320 1928 1364 diis
1946 1329 1990 1364 et
2010 1320 2243 1365 sacrificiis
2265 1324 2493 1382 scripsisse
2509 1327 2799 1383 perhibetur.

1507 1392 1688 1436 Deinde
1711 1407 1824 1436 vero
1849 1407 1875 1436 a
1898 1403 2058 1437 nostro
2083 1393 2209 1437 haud
2245 1394 2388 1438 dubie
2414 1395 2623 1442 diversus
2643 1400 2804 1445 lauda—

1508 1471 1585 1506 tur
1610 1463 1736 1522 apud
1760 1464 2155 1522 Olympiodorum
2187 1467 2236 1509 in
2261 1468 2377 1510 Hist.
2417 1469 2525 1526 Byz.
2560 1485 2635 1528 ap.
2664 1473 2801 1517 Phot.

1509 1536 1615 1579 cod.
1643 1536 1720 1592 80,
1747 1552 1794 1595 p.
1820 1536 1876 1580 61
1905 1537 2047 1580 Bekk.
2071 1536 2228 1598 (Corp.
2258 1541 2449 1598 Scriptt.
2477 1542 2585 1599 Byz.
2610 1551 2723 1588 tom.
2752 1549 2803 1602 Ι,

1505 1624 1555 1667 p.
1579 1608 1669 1660 463
1692 1607 1705 1670 )
1734 1625 1744 1652 :
1768 1605 1946 1665 Ταύτην
1977 1607 2142 1669 (Oasin
2168 1609 2354 1671 AEgypti
2374 1612 2385 1671 )
2413 1612 2540 1657 καλεῖ
2574 1611 2804 1678 Ἡρόδοτος

1509 1678 1717 1743 μακάρων
1761 1679 1938 1740 νήσους,
1966 1679 2209 1745 ἹΙρόδωρος
2249 1681 2290 1728 δὲ
2328 1685 2349 1729 ὃ
2374 1682 2450 1740 τὴν
2491 1684 2685 1751 Ὀρφέως
2727 1690 2801 1736 καὶ

1503 1752 1732 1799 Μουσαίου
1785 1751 2038 1818 συγγράψας
2093 1753 2283 1818 ἱστορίαν
2301 1792 2312 1813 ,
2355 1757 2582 1804 Φαιακίδα
2643 1761 2805 1821 ταύτην

1507 1827 1631 1871 καλεῖ
1677 1826 1823 1888 (Vide
1858 1828 2062 1872 Lobeck.
2090 1830 2317 1889 Aglaoph.
2351 1847 2399 1889 p.
2438 1831 2578 1893 338).
2612 1837 2734 1880 Num
2766 1840 2803 1882 is

1506 1901 1831 1960 grammaticus
1851 1901 1928 1944 ille
1948 1910 1994 1944 et
2016 1901 2396 1962 glossographus,
2424 1920 2564 1962 quem
2584 1923 2677 1952 una
2695 1925 2802 1954 cuin

1507 1974 1689 2031 Apione
1719 1974 1882 2031 saepius
1905 1984 2135 2017 memorat
2179 1976 2443 2020 Eustathius
2476 1987 2521 2021 et
2557 1980 2701 2025 schol.
2746 1985 2805 2028 ad

1507 2046 1798 2090 Homerum?
1821 2046 1912 2091 Sed
1932 2048 2070 2090 etiam
2091 2047 2150 2091 de
2168 2049 2259 2092 hoc
2283 2065 2449 2109 magna
2474 2051 2701 2099 dubitatio
2721 2068 2801 2102 est.

1507 2120 1640 2163 Certe
1663 2119 1989 2164 Valckenarius
2010 2119 2203 2179 (Opusc.
2231 2123 2350 2180 II,p.
2378 2121 2490 2184 151)
2511 2134 2556 2168 et
2575 2136 2681 2184 post
2698 2145 2804 2174 eum

1505 2192 1782 2235 Ritschelius
1823 2191 1835 2250 (
1860 2193 2010 2237 (seber
2057 2193 2103 2237 d.
2151 2194 2275 2238 Bc'bl.
2321 2196 2579 2243 Alexandr.
2623 2215 2673 2258 p.
2715 2203 2802 2255 143

1506 2280 1630 2322 sqq.‚
1651 2263 1736 2307 ubi
1768 2264 1877 2307 vide
1901 2265 2032 2307 locos
2060 2265 2204 2325 vett.)
2231 2282 2321 2324 pro
2347 2269 2582 2312 Herodoro
2603 2287 2679 2330 ap.
2705 2275 2804 2318 Eu—

1506 2335 1724 2378 stathium
1759 2336 1935 2394 ubique
1986 2338 2315 2395 reponendum
2361 2355 2455 2384 esse
2499 2344 2802 2391 Heliodorum

1505 2414 1711 2450 statuunt
1728 2407 1985 2450 admodum
2007 2409 2335 2467 probabiliter.

1572 2480 1765 2535 Fontes,
1796 2496 1850 2524 ex
1885 2481 2053 2538 quibus
2096 2482 2372 2527 Herodorus
2405 2471 2665 2532 uberrimas
2704 2507 2806 2536 51135

1507 2553 1794 2596 narrationes
1823 2554 2071 2597 maximam
2104 2563 2286 2612 partem
2313 2556 2539 2614 hauserit,
2579 2576 2678 2605 non
2712 2572 2805 2608 tam

1507 2618 1907 2683 logographorum
1941 2641 2084 2684 opera
2110 2627 2243 2670 fuisse
2275 2638 2392 2686 puto
2430 2645 2571 2688 quam
2601 2638 2805 2682 carmina

1506 2695 1662 2752 epica,
1686 2697 1856 2754 quibus
1879 2707 1984 2741 aetas
2008 2713 2107 2741 non
2129 2702 2358 2758 pepercit.
2388 2702 2606 2748 Ceterum
2647 2708 2808 2752 Hella—

1504 2767 1610 2810 nico
1631 2769 1789 2812 similis
1813 2778 1879 2813 est
1901 2786 1982 2826 eo,
2011 2771 2141 2829 quod
2165 2773 2367 2816 multum
2386 2776 2584 2819 attendit
2611 2779 2669 2822 ad
2691 2795 2807 2839 geo—

1505 2840 1749 2898 graphica,
1778 2843 1848 2885 uti
1884 2852 2012 2902 patet
2036 2859 2093 2886 ex
2117 2844 2170 2887 iis
2194 2859 2299 2902 quae
2330 2845 2389 2890 de
2426 2850 2613 2906 populis
2642 2852 2809 2898 Iberia>

1505 2912 1696 2956 tradidit
1716 2915 1949 2959 Heracleae
1974 2916 2098 2959 libro
2118 2916 2300 2961 decimo
2321 2916 2404 2977 (fr.
2426 2920 2535 2979 20).
2560 2923 2662 2967 Alia
2682 2924 2803 2982 ejus-

1507 2985 1639 3028 modi
1679 2986 1901 3046 digressio
1934 2989 1984 3031 in
2012 2991 2338 3047 Argonauticis
2372 2990 2458 3034 fuit
2495 2992 2553 3037 de
2595 2999 2810 3042 moribus

1504 3058 1796 3114 Macronum,
1818 3061 1898 3118 qui
1918 3059 2059 3104 Ponti
2077 3077 2180 3105 oras
2197 3063 2413 3106 accolunt
2436 3064 2507 3123 (fr.
2538 3067 2597 3119 46
2615 3068 2649 3130 ).
2677 3071 2802 3115 Geo-

1505 3131 1731 3188 graphuin
1756 3131 1945 3176 fortasse
1976 3134 2116 3178 etiam
2143 3135 2193 3177 in
2218 3150 2273 3179 eo
2298 3139 2506 3196 agnoscis
2521 3172 2533 3194 ‚
2562 3142 2691 3198 quod
2713 3147 2804 3187 Ar—

1505 3213 1729 3261 gonautas
1757 3204 1920 3248 eadem
1946 3221 2038 3264 qua
2060 3217 2284 3251 venerant
2307 3211 2382 3253 via
2416 3211 2602 3256 rediisse
2626 3218 2804 3262 statuit..

1505 3276 1796 3335 Quamquam
1818 3278 1909 3322 hoc
1929 3280 2003 3322 vel
2023 3279 2133 3323 inde
2150 3282 2413 3339 explicaris,
2439 3285 2569 3341 quod
2586 3288 2802 3332 Herodo-

1503 3363 1582 3391 rus
1624 3364 1723 3392 eain
1757 3352 2045 3408 potissimam
2093 3353 2406 3411 expeditionis
2447 3367 2628 3415 partem
2645 3394 2656 3415 ,
2700 3375 2806 3419 (11110-

1505 3435 1611 3463 curn
1647 3423 1808 3479 patriae
1842 3423 2032 3467 historia
2057 3424 2306 3482 conjuncta
2339 3437 2460 3483 erat,
2506 3433 2794 3476 tractandam

1503 3493 1588 3536 sibi
1603 3496 1847 3553 sumpserit
1860 3529 1871 3551 ,
1891 3497 2074 3556 reliqua
2093 3499 2210 3541 nihil
2231 3515 2395 3544 curans
2409 3502 2656 3547 absolverit
2679 3521 2799 3563 pau—

1505 3580 1707 3610 cissimis.

1571 3639 1718 3681 Porro
1740 3648 1950 3698 tempora
1975 3656 2133 3684 rerum
2176 3653 2390 3688 accurate
2416 3645 2673 3692 distinxisse
2706 3651 2801 3692 He-

1505 3709 1706 3754 rodorus
1725 3711 1926 3756 videtur.
1943 3711 2018 3757 Sic
2040 3715 2345 3776 chronologia
2362 3719 2509 3761 utitur
2521 3729 2681 3764 contra
2702 3736 2802 3776 005,

1507 3783 1586 3839 qui
1604 3783 1828 3826 Theseum
1854 3786 2273 3839 Herculis-socium
2294 3789 2341 3831 in
2366 3791 2662 3848 expeditione
2686 3808 2798 3835 con·

1507 3862 1575 3897 tra
1600 3856 1855 3899 Amazones
1877 3856 2010 3901 fuisse
2029 3858 2241 3902 dixerant
2261 3857 2377 3922 (vid.
2398 3861 2455 3904 fr.
2480 3862 2535 3905 16
2550 3897 2561 3917 ‚
2589 3862 2647 3906 26
2662 3897 2672 3917 ,
2696 3863 2792 3923 27).

1506 3927 1561 3968 In
1585 3927 1654 3970 his
1696 3930 1914 3972 convenit
1935 3931 1976 3972 01
2005 3946 2110 3973 011111
2151 3933 2393 3976 Hellanico
2437 3934 2594 3993 (conf.
2633 3934 2794 3994 fragm.

1509 4000 1623 4042 Hist.
1648 4002 1694 4055 Ι,
1720 4017 1770 4060 p.
1804 4003 2068 4064 XXVIII),
2106 4014 2159 4047 ut
2182 4006 2427 4063 probabile
2454 4007 2509 4048 sit
2544 4015 2800 4065 utrumque

1507 4088 1563 4115 cx
1588 4073 1752 4116 iisdem
1776 4075 1972 4118 Junonis
1992 4077 2286 4120 sacerdotum
2305 4077 2569 4139 ἀναγραφαῖς
2587 4087 2802 4136 tempora»

1506 4147 1720 4190 Herculis
1740 4150 2040 4194 constituisse.
2069 4152 2240 4193 Verum
2266 4159 2439 4207 quanto
2464 4153 2612 4194 acrius
2637 4153 2794 4210 impu-

1506 4219 1659 4277 giiavit
1686 4235 1777 4274 eos,
1800 4222 1879 4278 qui
1905 4222 1951 4263 in
1969 4222 2125 4265 Thesei
2148 4223 2343 4281 gratiam
2361 4231 2558 4267 veterem
2588 4226 2798 4270 Herculis
