3016 4628
298 268 391 310 250

296 363 531 432 Ναυσικάα
563 366 838 428 ἀνατίθησιν,
877 370 935 423 ὡς
969 368 1155 417 πολίτιδι
1194 370 1484 435 χαριζομενη·
1514 374 1590 420 Δι-

295 440 505 505 καίαρχσς
538 439 584 488 δὲ
612 440 879 496 Σικυωνίοις·
914 440 1132 499 Ἵππασος
1156 440 1200 491 δὲ
1234 443 1571 507 Λακεδαιμονίοι
1574 465 1593 500 ς
1668 445 1883 509 ἡνίοχος
1865 445 1936 493 επὶ
1955 447 2040 492 τῶν
2061 442 2223 493 ἵππων.
2242 445 2556 493 Proverbium
2569 449 2815 507 permultis
2829 462 2976 498 usur-

295 512 455 572 ταύτην
473 532 520 561 τε
543 511 620 561 καὶ
642 511 699 561 τὰ
724 513 944 578 γυμνάσια
969 513 1169 579 πρώτοις.

903 638 982 694 49.

359 746 633 791 Plutarchus
656 747 856 792 Theseus
880 762 920 793 c.
963 762 1018 792 21
1063 763 1073 791 :
1113 745 1193 792 Ἐκ
1225 745 1271 792 δὲ
1302 748 1380 803 τῆς
1413 745 1590 811 Κρήτης

295 814 529 863 ἀποπλέων
559 817 617 871 εἷς
639 818 783 875 Δῆλον
819 817 1031 883 κατέσχε,
1062 817 1137 865 καὶ
1157 820 1220 883 τῷ
1250 820 1335 882 θεῷ
1361 816 1493 871 θύσας
1514 817 1589 864 καὶ

296 887 468 942 ἀναθεὶς
489 887 539 936 τὸ
569 887 852 955 Ἀφροδίσιον,
878 889 901 937 ὃ
927 889 1050 956 παρὰ
1074 893 1152 949 τῆς
1174 889 1397 956 Ἀριάδνης
1418 887 1587 948 ἔλαὸεν,

293 960 495 1026 ἐχόρευσε
523 961 636 1024 μετὰ
662 965 748 1010 τῶν
773 962 931 1021 ἠϊθέων
958 961 1153 1028 χορείαν,
1173 962 1227 1020 ἣν
1251 961 1314 1010 ἔτι
1341 966 1414 1008 νῦν
1441 963 1586 1008 ἐπιτε-

291 1035 381 1081 λεῖν
405 1033 591 1092 Δηλίους
611 1033 810 1098 λέγουσι,
840 1034 1019 1098 μίμημα
1043 1037 1130 1081 τῶν
1166 1036 1208 1080 ἐν
1241 1036 1304 1100 τῷ
1330 1032 1589 1098 Λαὸυρίνθῳ

294 1105 506 1171 περιόδων
530 1106 604 1155 καὶ
625 1106 837 1167 διεξόδων,
863 1106 906 1154 ἔν
935 1126 1019 1154 τινι
1045 1109 1194 1173 ῥυθμῷ
1225 1105 1476 1172 περιελίξεις
1503 1105 1579 1153 καὶ

294 1176 497 1235 ἀνελίξεις
536 1178 678 1244 ἔχοντι
709 1178 977 1243 γιγνομένην.
1027 1180 1242 1227 Καλεῖται
1282 1177 1328 1225 δὲ
1372 1177 1421 1225 τὸ
1459 1175 1582 1241 γένος

292 1253 418 1298 τοῦτο
453 1254 531 1309 τῆς
557 1251 732 1316 χορείας
767 1250 1060 1310 ὖπὸιΔηλίων
1097 1250 1298 1317 γέρανος,
1335 1253 1393 1307 ὡς
1426 1251 1590 1316 ἱστορει

293 1325 575 1389 Δικαίαρχος.
610 1323 848 1389 Ἐχόρευσε
873 1324 916 1371 δὲ
937 1324 1035 1390 περὶ
1054 1323 1125 1371 τὸν
1151 1326 1409 1389 Κερατῶνα,
1439 1323 1586 1388 βωμὸν

293 1398 343 1444 ἐκ
366 1397 559 1462 κεράτων
585 1396 937 1462 συνηρμοσμένον
959 1397 1189 1460 εὐωνύμων
1215 1396 1438 1446 ἁπάντων.

894 1507 975 1554 5ο.

359 1631 593 1676 Zenobius
614 1631 663 1675 II
681 1664 694 1687 ,
729 1628 784 1675 15
817 1625 930 1676 ε”Αε
947 1627 1027 1674 ιδε
1050 1625 1113 1674 τὰ
1134 1625 1440 1684 Τέλληνος·
1463 1619 1582 1679 οὗτος

291 1703 316 1747 6
344 1702 386 1749 Τ
388 1699 516 1758 έλλην
554 1698 721 1764 ἐγένετο
757 1697 946 1757 αὐλητὴς
980 1699 1055 1747 καὶ
1089 1700 1232 1761 μελῶν
1274 1697 1585 1745 ἀνυποτάκτων

292 1772 489 1831 ποιητής·
530 1772 763 1834 Μέμνηται
799 1773 929 1819 αὐτοῦ
968 1771 1233 1837 Δικαίαρχος
1266 1774 1288 1818 6
1323 1769 1583 1828 Μεσσήνιος.

292 1846 362 1892 Cf.
387 1847 602 1907 Apostol.
625 1848 671 1905 Ι,
700 1846 1027 1902 343Libanius
1047 1848 1134 1906 Ep.
1166 1845 1301 1898 548:
1330 1842 1444 1892 Οὐδὲ
1469 1844 1506 1889 εἷ
1530 1841 1584 1889 τὰ

290 1915 508 1976 Τέλληνος
532 1916 626 1983 ᾄδοι
646 1936 731 1976 τις,
757 1909 841 1971 οἰός
864 1936 910 1964 τε
935 1916 1058 1964 ἔσται
1088 1915 1194 1982 πρὸς
1219 1915 1346 1963 αυτόν
1372 1935 1420 1963 σε
1451 1935 1584 1977 μετα-

292 2008 466 2048 στησαι.
488 1992 725 2038 Plutarch.
745 1992 1094 2078 Apophthegm.
1121 2007 1171 2051 p.
1202 1991 1308 2051 193,
1329 1993 1403 2036 F.
1430 1981 1517 2036 Ἤν
1543 1986 1587 2034 δὲ

294 2060 485 2120 αυλητὴς
506 2061 529 2107 ὅ
549 2060 625 2124 μὲν
650 2060 804 2116 Τέλλις
822 2061 1048 2120 κάκιστος,
1075 2064 1097 2108 6
1118 2062 1155 2108 δ’
1175 2059 1456 2125 Ἀντιγενίδης
1478 2060 1587 2107 κάλ-

291 2137 448 2188 λιστος.
475 2137 648 2182 Contra
675 2137 852 2181 Zenob.
886 2139 931 2192 I,
961 2136 1021 2189 45
1048 2152 1059 2183 t
1083 2132 1260 2183 Ἄειδε
1288 2132 1352 2181 τὰ
1383 2131 1589 2192 Τέλλη-

291 2225 376 2261 νος
394 2225 403 2234 ·
432 2206 504 2254 ἐπὶ
527 2209 611 2253 τῶν
635 2209 891 2254 σκωπτικῶν
924 2206 1087 2254 τίθεται
1106 2210 1133 2264 ἠ
1159 2205 1394 2271 παροιμία.
1414 2206 1586 2264 Τέλλην

293 2278 376 2343 γὰρ
406 2279 594 2337 αὐλητὴς
621 2277 788 2341 ἐγένετο
819 2279 894 2326 καὶ
921 2281 1063 2341 μελῶν
1087 2278 1290 2338 ποιητὴς,
1324 2277 1508 2342 παίγνιά
1541 2297 1588 2324 τε

290 2351 519 2399 κατέλιπεν
549 2351 846 2417 εὐρυθμότατα
867 2351 942 2399 καὶ
961 2351 1088 2417 χάριν
1107 2351 1263 2417 ἔχοντα
1283 2351 1492 2409 πλείστην
1512 2350 1588 2398 καὶ

290 2423 538 2486 σκώμματα
565 2423 842 2490 κομψότατα.
863 2427 984 2474 Ὓίᾶ.
1007 2427 1228 2473 Leutsch.
1246 2427 1278 2470 l.
1303 2427 1335 2472 l.
1351 2442 1400 2486 p.
1424 2425 1503 2471 35.
1523 2450 1590 2459 —·

290 2498 528 2560 Subjungo
571 2499 699 2543 aliud
728 2499 1059 2559 proverbium,
1106 2498 1235 2558 cujus
1271 2499 1464 2543 ubinam
1504 2499 1588 2543 Di-

290 2572 520 2616 caearchus
545 2572 809 2617 meminerit
836 2572 965 2617 haud
989 2573 1153 2632 liquet.

900 2700 977 2746 51.

359 2830 589 2874 Zenobius
611 2832 704 2887 III,
737 2829 797 2875 65
832 2828 949 2879 εἘν
974 2827 1115 2894 πίθῳ
1149 2829 1246 2885 τὴν
1280 2827 1589 2891 κεραμείαν

296 2900 572 2963 μανθάνω·
613 2901 825 2966 παροιμία
857 2901 928 2948 ἐπὶ
956 2904 1042 2948 τῶν
1081 2900 1159 2955 τὰς
1178 2900 1354 2967 πρώτας
1381 2900 1591 2961 μαθήσεις

293 2971 668 3036 ὑπερὸαινόντων,
710 2973 965 3036 ἁπτομένων
999 2973 1044 3020 δὲ
1069 2972 1222 3026 εὐθέως
1248 2975 1334 3020 τῶν
1369 2971 1588 3034 μειζόνων,

293 3050 350 3099 ὡς
375 3044 494 3099 εἴτις
527 3045 753 3104 μανθάνων
790 3045 1061 3111 κεραμεύειν,
1090 3046 1190 3111 πρὶν
1217 3048 1368 3108 μαθεῖν
1403 3045 1589 3098 πίνακας

293 3117 321 3175 ἢ
344 3117 450 3164 ἄλλο
473 3135 514 3163 τι
539 3120 622 3163 τῶν
656 3121 816 3182 μικρῶν
848 3118 1069 3178 πλάττειν,
1091 3118 1203 3184 πίθῳ
1231 3117 1470 3183 ἐγχειροίη.
1510 3121 1587 3165 Δι·

295 3189 502 3253 καίαρχος
538 3189 582 3235 δέ
608 3208 735 3254 φησιν
770 3189 912 3256 ἔτερόν
950 3210 992 3238 τι
1019 3192 1174 3250 δηλοῦν
1214 3190 1294 3248 τὴν
1325 3189 1583 3255 παροιμίαν,

296 3262 423 3309 οἱονεὶ
441 3260 518 3319 τὴν
543 3261 724 3323 μελέτην
743 3264 785 3309 ἐν
807 3267 892 3318 τοῖς
910 3263 1070 3326 ὁμοίοις
1093 3265 1106 3327 (
1124 3268 1154 3313 l.
1177 3263 1346 3318 οἰκείοις
1368 3281 1424 3310 ex
1443 3267 1583 3324 Hesy-

296 3408 410 3454 tura;
428 3406 680 3446 Dicoearclius
696 3418 789 3446 vero
807 3408 1023 3459 Sicyoniis3
1047 3410 1243 3460 Hippasus
1257 3411 1390 3448 autem
1416 3410 1455 3448 et
1471 3408 1590 3458 hujus
1625 3415 1631 3423 '

299 3472 342 3510 et
367 3470 662 3521 gymnasiorum
690 3471 838 3520 primos
856 3475 1038 3512 auctores
1053 3473 1375 3513 Lacedaemonios
1394 3472 1588 3523 perhibet.

901 3540 974 3580 49.

348 3606 515 3647 solvens
549 3616 600 3644 ex
646 3607 762 3645 Creta
797 3607 939 3646 Delum
976 3609 1149 3658 appulit,
1186 3609 1255 3648 ubi
1290 3619 1374 3648 rem
1413 3608 1591 3649 divinam

298 3672 390 3712 fecit
406 3670 598 3721 Apollini,
611 3670 869 3720 dedicatoque
893 3675 1056 3712 Veneris
1071 3674 1180 3723 signo
1193 3704 1204 3723 ,
1222 3673 1332 3724 quod
1350 3674 1401 3713 ab
1421 3673 1593 3714 Ariadna

298 3735 524 3786 acceperat,
542 3733 764 3783 tripudium
786 3734 945 3773 saltavit
961 3746 1052 3774 cum
1078 3737 1372 3787 impuberibus,
1386 3737 1494 3787 quod
1518 3738 1592 3777 hac

299 3802 418 3841 etiam
436 3799 628 3839 memoria
644 3799 774 3838 serunt
790 3799 921 3838 Delios
935 3811 1115 3850 servare3
1137 3802 1248 3852 quod
1266 3803 1306 3841 in
1330 3802 1591 3842 imitationem

299 3866 553 3906 anfractuum
584 3863 816 3913 Labyrinthi
841 3866 881 3902 et
911 3865 1136 3914 ambagium
1163 3867 1212 3905 ad
1234 3867 1373 3907 modos
1396 3867 1591 3918 quosdam

300 3931 471 3970 musicos
503 3927 720 3979 peragitur,
744 3927 811 3978 qui
844 3927 1130 3977 implicationes
1155 3932 1194 3969 ct
1210 3931 1454 3971 evolutiones
1486 3932 1590 3971 rese-

299 3996 406 4035 runt.
432 3996 518 4034 Hoc
544 4003 666 4042 genus
684 3991 900 4032 saltationis
931 3995 1040 4032 Grus
1067 3993 1210 4032 dicitur
1236 4006 1258 4034 a
1286 3995 1427 4046 Deliis,
1448 3997 1494 4035 ut
1514 4007 1593 4035 me·

302 4059 438 4098 moriae
462 4056 633 4108 prodidit
659 4056 926 4097 Dicaearchus.
959 4056 1126 4096 saltavit
1151 4059 1285 4097 autem
1312 4060 1462 4098 circum
1479 4070 1588 4099 aram

301 4126 536 4164 ceratonem
550 4153 560 4173 ,
576 4132 668 4174 quoe
684 4134 731 4163 ex
750 4121 936 4161 cornibus
955 4124 1056 4168 crat,
1075 4122 1239 4162 sinistris
1259 4124 1466 4173 omnibus,
1482 4136 1592 4164 com-

301 4190 429 4239 pacta.

1287 262 1650 314 DICAEARCHI
1686 263 1975 315 MESSENll

1613 1108 1616 1111 ’
1665 1106 1834 1149 lineam
1869 1120 1976 1148 cum
2018 1112 2254 1163 aequatore
2296 1102 2344 1147 ἐκ
2379 1101 2662 1166 παραλλήλου
2698 1119 2868 1150 curren
2899 1112 2950 1145 >f

2542 203 2566 221 λ

1669 373 1808 437 chio)
1845 376 2085 430 ποιεῖσθαι,
2119 374 2175 426 ὡς
2217 371 2482 438 κυὸερνήτης
2529 371 2601 420 ἐπὶ
2636 392 2712 431 της
2755 373 2856 433 νηὸς

1668 530 1850 580 patum.
1878 523 1933 566 V.
1961 519 2306 564 Schneidewin
2333 519 2395 564 ad
2421 520 2472 566 h.
2497 520 2531 566 l.

2065 641 2189 687 ΓΗΣ
2226 639 2565 688 ΠΕΡΙΟΔΟΣ.
2858 666 2864 670 -

1731 743 2020 802 Argumenta
2044 757 2234 797 eorum,
2261 757 2363 800 quae
2379 756 2436 786 ex
2449 741 2650 787 Periodo
2669 743 2796 789 orbis
2818 752 2864 790 te
2902 766 2905 772 Δ
2935 752 2937 754 ’

1666 829 1771 859 rum
1782 815 1927 873 petita
1942 823 2072 870 sunt,
2086 814 2287 859 Fuhrius
2297 815 2456 874 paucis
2468 816 2824 875 comprehendit
2837 810 2936 864 hun
2958 835 2963 867 j

1665 888 1716 930 in
1748 886 1942 930 modum
1973 902 1982 930 :
2025 905 2045 927 a
2075 886 2372 931 Dicaearchus
2395 894 2566 930 terram
2592 887 2836 947 globosam
2949 886 2977 938 fs:

1663 960 1823 1003 statuit
1863 958 1955 1020 (fr.
2004 956 2121 1019 53).
2166 983 2232 992 --
2263 959 2408 1003 Terra
2431 952 2716 1004 'habitabilis
2763 959 2979 1016 dimidii

1665 1032 1853 1092 longior
1894 1046 2034 1090 quam
2069 1031 2209 1075 latior
2244 1038 2311 1074 est
2359 1026 2448 1093 (fr.
2487 1029 2602 1093 54).
2643 1033 2835 1077 Terram
2870 1030 2957 1094 1)...ss

1665 1185 1861 1230 eamque
1880 1185 1967 1229 per
1990 1169 2206 1214 Herculis
2240 1169 2499 1226 columnas,
2527 1167 2816 1228 Sardiniam,
2978 1176 2979 1179 ’

1663 1242 1798 1299 liam,
1821 1243 2221 1302 Peloponnesum,
2248 1242 2455 1298 Cariam,
2481 1243 2697 1302 Lyciam,
2732 1243 2955 1306 Pamphy

1664 1315 1796 1372 liam,
1822 1315 2059 1369 Ciliciam,
2085 1329 2224 1374 super
2243 1315 2450 1358 Taurum
2475 1314 2536 1358 ad
2570 1315 2751 1360 Imaum
2785 1315 2923 1361 duc

1665 1397 1759 1432 tem
1783 1389 1835 1431 in
1869 1387 1984 1432 duas
2007 1387 2224 1431 dimidias
2257 1396 2412 1446 partes
2435 1387 2608 1431 divisit.
2641 1388 2716 1433 Ab
2738 1388 2827 1434 hac
2850 1388 2971 1441 ind

1663 1462 1786 1506 linea
1809 1463 1855 1505 et
1877 1477 1901 1504 a
1934 1461 2048 1505 locis
2078 1460 2145 1504 ibi
2165 1461 2329 1519 positis
2355 1461 2492 1504 situm
2515 1461 2810 1520 reliquorum
2831 1458 2967 1511 loc-⁷
3011 1478 3013 1481 ’

1664 1550 1770 1578 rum
1785 1532 1981 1578 definire
1999 1533 2074 1577 vel
2102 1533 2240 1577 etiam
2257 1566 2269 1588 ,
2295 1533 2333 1576 si
2355 1532 2522 1577 Ukerti
2539 1533 2832 1594 aliorumque
2852 1525 2964 1594 conf]ae

1659 1605 1891 1664 jecturam
1910 1606 2040 1664 sequi
2063 1605 2202 1662 libet,
2225 1621 2305 1651 eos
2329 1607 2479 1662 locos,
2510 1605 2831 1651 distantiarum
2855 1609 2930 1652 v‘''
2951 1661 2954 1663 ,

1665 1693 1864 1737 rumque
1889 1677 2158 1722 directionis
2181 1679 2231 1721 in
2262 1678 2507 1722 itineribus
2537 1678 2751 1723 indicatae
2778 1680 2960 1726 ratione

1664 1751 1822 1794 habita
1837 1784 1850 1806 ,
1874 1751 1925 1793 in
1944 1764 2045 1794 suas
2063 1749 2243 1794 tabulas
2257 1749 2434 1795 referre
2453 1759 2646 1795 conatus
2658 1765 2753 1796 esse
2776 1751 2905 1797 videt
2939 1810 2942 1811 ⁷

1668 1822 1762 1885 (fr.
1787 1821 1850 1867 155
1870 1822 1904 1885 ).
1937 1849 2002 1856 -
2039 1823 2316 1867 Distantiam
2354 1824 2477 1867 inter
2509 1823 2890 1884 Peloponnesum
2914 1864 2917 1866 .
2942 1815 2960 1860 '.

1666 1896 1917 1940 Columnas
1950 1894 2105 1939 decies
2126 1896 2254 1939 mille
2284 1895 2545 1940 stadiorum
2574 1912 2671 1941 esse
2703 1896 2957 1956 J‘udicavit

1668 1983 1809 2027 quam
1834 1968 1896 2011 ob
1933 1968 2284 2027 aestimationem
2309 1985 2333 2012 a
2359 1969 2584 2028 Polybio,
2611 1971 2693 2029 qui
2714 1985 2814 2015 eam
2836 1969 2855 2030 j
2887 1998 2905 2011 ι
2927 1998 2946 2005 -·

1666 2042 1900 2085 minorem
1939 2041 2140 2096 censuit,
2172 2041 2483 2100 reprehensus
2511 2050 2594 2086 est.
2633 2044 2795 2101 Quem'
2808 2051 2949 2088 tam

1668 2113 1839 2159 Strabo
1863 2114 1914 2156 in
1937 2114 2219 2158 contrariam
2241 2122 2424 2173 partem
2441 2116 2703 2173 peccavisse
2725 2124 2772 2160 et
2782 2115 2927 2162 'dista

1667 2188 1779 2231 tiam
1804 2187 1929 2230 illam
1951 2187 2143 2230 nimiam
2175 2187 2381 2231 statuisse
2415 2184 2667 2233 arbitratus
2687 2197 2769 2235 est.
2792 2191 2866 2234 De
2887 2205 2914 2235 r
2943 2182 2955 2236 Jfi'

1668 2259 1886 2320 gionibus
1928 2260 2130 2318 Europae
2179 2258 2474 2303 occidentem
2513 2269 2560 2304 et
2599 2263 2916 2321 septentrione
2928 2249 2954 2322 (Τ,

1667 2331 1997 2390 spectantibus,
2018 2346 2043 2375 e
2057 2330 2239 2389 judicio
2258 2331 2450 2391 quidem
2470 2333 2727 2392 Strabonis,
2747 2350 2811 2378 ιιι
2830 2355 2875 2377 u
2897 2356 2902 2363 ι
2933 2348 2938 2349 ⁷

1666 2418 1764 2463 prae
1787 2417 1834 2446 se
1858 2403 1964 2446 tulit
1979 2404 2313 2463 ignorantiam,
2332 2418 2473 2462 quam
2497 2414 2650 2450 tamen
2670 2402 2928 2468 geograpr'·

1668 2491 1725 2520 eo
1751 2476 2010 2532 excusavit,
2031 2476 2388 2536 quod1llasipse
2411 2493 2511 2522 non
2524 2478 2727 2524 vidisset.
2749 2481 2863 2525 Cet
2897 2471 2962 2535 ηΤΪ

1669 2564 1770 2607 quae
1795 2549 1992 2607 Pytheas
2021 2548 2080 2593 de
2107 2549 2197 2593 illis
2226 2550 2450 2609 tractibus
2471 2547 2724 2613 retulerat,
2746 2553 2802 2597 iis
2822 2550 2877 2597 fi
2902 2565 2962 2593 ..su

1667 2620 1843 2665 habere
1879 2620 2110 2664 dubitavit
2148 2619 2237 2679 (fr.
2283 2619 2395 2683 56).
2433 2651 2491 2657 —
2533 2624 2806 2680 Columnas,
2848 2625 2883 2670 s'
2935 2611 2937 2614 ⁴

1669 2693 1996 2738 Eratosthenes
2016 2708 2207 2752 quoque
2226 2703 2385 2753 postea
2402 2704 2448 2739 et
2466 2693 2714 2755 Polybius,
2733 2696 2930 2742 cireafr

1670 2774 1771 2808 tum
1793 2765 1952 2823 posuit
1972 2763 1985 2824 (
2003 2763 2060 2810 fr.
2090 2763 2148 2821 57
2169 2763 2202 2824 ).
2231 2784 2251 2805 »
2278 2790 2335 2795 ——
2357 2767 2487 2811 Nilus
2511 2782 2568 2812 ex
2587 2766 2824 2813 Atlantico
2846 2783 2946 2814 mar

1670 2835 1871 2883 refluens
1893 2836 2100 2880 exundat
2127 2837 2141 2896 (
2160 2837 2216 2883 fr.
2248 2835 2307 2890 54
2333 2836 2367 2898 ).

1732 2908 1931 2952 Tabulas
1958 2908 2291 2968 geographicas
2328 2924 2353 2953 a
2386 2911 2658 2955 Dicaearcho
2705 2913 2939 2958 elaborata

1668 2994 1763 3023 esse
1784 2994 1872 3045 per
1905 2994 1953 3023 se
1984 2979 2240 3023 admodum
2274 2981 2523 3026 verisimile
2558 2991 2646 3039 est,
2681 2998 2912 3045 quamqua
2983 2980 2986 2987 '

1666 3042 1838 3096 diserto
1858 3060 2069 3096 vetelum
2089 3053 2356 3106 testimonio
2384 3068 2458 3098 res
2485 3052 2752 3100 confirmari
2775 3058 2938 3119 nequit
2982 3050 2984 3053 ⁵

1665 3123 1925 3185 significari
1947 3140 2031 3170 vel
2036 3141 2063 3169 o
2097 3125 2274 3170 tabulas
2296 3127 2558 3171 Dicaearchi
2579 3129 2714 3172 multi
2740 3138 2943 3190 putam·-

1665 3199 1772 3242 loco
1799 3199 2022 3258 Diogenis
2044 3199 2218 3242 Laertii
2236 3200 2299 3254 V,
2325 3196 2380 3242 51
2399 3232 2412 3255 ,
2436 3199 2522 3242 ubi
2540 3199 2883 3261 Theophrastus
2913 3202 2928 3245 i

1667 3279 1940 3315 testamento
1954 3270 2134 3329 jussisse
2149 3279 2366 3315 narratur
2383 3272 2433 3314 in
2450 3273 2641 3331 porticu
2657 3274 2847 3334 publice
2867 3289 2922 3318 co

2279 3412 2352 3452 50.

1723 3497 1835 3535 Cane
1857 3505 1907 3534 ea
1920 3505 2026 3546 ,quae
2049 3494 2206 3534 Tellen.
2229 3495 2367 3535 Tellen
2387 3495 2453 3534 hic
2479 3495 2626 3536 tibicen
2641 3498 2727 3537 erat
2745 3497 2787 3542 et
2816 3507 2884 3537 car
2908 3512 2912 3530 ι

1665 3570 1760 3598 num
1779 3558 2106 3598 inconcinnorum
2126 3558 2256 3608 poeta.
2282 3558 2462 3599 Meminit
2483 3559 2570 3609 ejus
2585 3560 2842 3601 Dicam-chus
2857 3562 2908 3602 M

1664 3635 1807 3665 senius.

1716 3768 1768 3805 In
1787 3764 1897 3804 dolio
1901 3763 2136 3814 fiqulinam
2157 3763 2285 3804 disco.
2313 3764 2575 3806 proverbium
2593 3765 2740 3805 dicitur
2755 3765 2869 3808 de-iis

1666 3829 1793 3880 prima
1811 3830 1907 3869 artis
1922 3828 2146 3868 rudimenta
2165 3829 2535 3880 praetermittentes,
2564 3833 2718 3880 majora
2742 3830 2837 3871 stati
2879 3858 2887 3874 ,

1665 3893 1898 3943 grediuntur
1920 3908 1930 3932 z
1951 3894 1998 3932 ut
2023 3893 2055 3932 si
2077 3892 2168 3943 quis
2187 3892 2390 3942 figulinam
2415 3893 2590 3943 discens,
2611 3885 2722 3945 priiis
2745 3905 2813 3945 qu
2875 3917 2884 3942 .·

1668 3967 1759 3996 ceos
1775 3956 1996 4006 similiaque
2016 3956 2179 3996 vascula
2201 3955 2321 4006 tingat
2334 3986 2346 4006 ,
2367 3957 2474 3996 dolia
2502 3957 2762 4007 aggrediatur.
2782 3957 2832 3998 Di

1667 4020 1765 4060 chus
1779 4031 1874 4060 vero
1889 4019 2011 4059 alium
2028 4019 2238 4069 proverbio
2253 4030 2414 4060 sensum
2437 4020 2599 4071 tribuit,
2619 4021 2806 4060 nimirum
2837 4029 2886 4043 ·

1668 4084 1786 4124 rebus
1809 4082 2120 4135 uniuscujusque
2140 4082 2480 4123 accommodatam
2496 4083 2800 4134 impendendam
2813 4098 2825 4134 ;
2848 4087 2864 4139 J

1667 4158 1785 4187 causa
1798 4146 2007 4187 nauclerus
2026 4156 2165 4186 navem
2189 4146 2380 4196 gubernet
2393 4147 2406 4193 ζ
2421 4147 2461 4187 et
2482 4158 2604 4198 equos
2618 4146 2768 4198 auriga.
2874 4152 2879 4155 ’
