3016 4628
223 283 315 322 408

218 392 394 432 κοπτος,
421 370 772 436 Σανδράκυπτος.
814 374 1048 418 Postrema
1075 374 1224 418 forma
1261 374 1507 418 accuratis»

217 448 327 490 sime
368 444 618 504 respondet
650 446 830 489 nomini
867 446 1032 490 Indico
1078 461 1091 491 .·
1128 446 1506 506 Cleandraguptas

221 520 366 579 (quem
381 521 491 562 luna
507 518 686 580 tuetur).
702 520 821 563 Vide
834 518 1034 563 Ellendt.
1050 519 1110 563 ad
1122 522 1228 565 Arr.
1243 520 1273 565 l.
1288 521 1340 574 l.;
1355 519 1514 563 Schle-

217 592 307 651 gel.
327 592 435 636 Ind.
455 591 579 637 Bibl.
596 599 711 634 tom.
731 592 770 647 I,
796 606 846 650 p.
872 590 991 646 2453
1011 592 1204 637 Bohlen.
1226 592 1321 638 Alt.
1339 591 1510 635 Iadica

219 665 259 718 Ι,
276 679 326 723 p.
350 678 406 722 91
425 679 439 723 ς
457 663 696 708 Lassenius
711 664 1028 722 Depentapot.
1053 664 1220 722 Inchp.
1244 668 1322 715 4²·
1347 663 1425 705 61.
1448 686 1506 693 —-

221 738 291 780 De
310 734 461 779 fluviis
482 736 618 794 plura
636 735 758 795 leges
787 735 919 779 infra.
945 735 1019 779 Ad
1036 735 1176 778 verba
1195 731 1502 778 πεντεκαίδεκα

220 803 438 868 ποταμοὺς
473 806 533 853 cf.
566 806 733 852 Strabo
767 808 870 866 XV,
897 823 945 866 p.
968 806 1059 863 708
1088 822 1099 849 ε
1126 802 1442 851 Πεντεκαίδεκα
1464 799 1511 847 δὲ

220 877 316 930 τοὺς
340 876 596 940 σύμπαντάς
634 895 738 941 φασι
763 883 929 941 συρρεῖν
958 877 1042 938 (εἷς
1069 875 1139 922 τὸν
1164 875 1323 937 Ἰνδὸν)
1345 875 1441 927 τούς
1459 892 1509 936 γε

220 949 475 1013 ἀξιολόγους.
873 988 875 990 -

835 1037 878 1080 3.

285 1126 453 1170 Strabo
474 1125 575 1181 XV,
599 1140 645 1184 p.
671 1123 765 1183 689
794 1139 804 1166 :
829 1121 922 1178 Τὴν
949 1120 1132 1178 Ἰνδικὴν
1148 1119 1398 1184 περιώρικεν
1420 1120 1506 1166 ἀπὸ

223 1202 301 1264 μὲν
332 1206 416 1250 τῶν
443 1202 608 1268 ἄρκτων
638 1205 710 1248 τοῦ
744 1200 917 1264 Ταύρου
937 1199 991 1245 τὰ
1022 1199 1206 1264 ἔσχατα·
1245 1199 1331 1245 ἀπὸ
1361 1200 1405 1246 δὲ
1431 1203 1506 1256 τῆς

219 1276 414 1340 Ἀριανῆς
439 1277 568 1340 μέχρι
600 1278 675 1332 τῆς
699 1272 804 1339 ἑῴας
824 1272 1050 1330 θαλάττης,
1075 1272 1184 1335 ἅπερ
1208 1273 1246 1328 οἱ
1280 1270 1505 1336 ἐπιχώριοι

218 1347 330 1395 κατὰ
353 1347 476 1413 μέρος
501 1345 814 1412 Παροπάμισόν
839 1364 884 1392 τε
918 1344 991 1391 καὶ
1022 1344 1223 1406 Ἠμωδὸν
1253 1343 1328 1391 καὶ
1351 1342 1504 1407 Ἴμαον

219 1423 293 1467 καὶ
331 1420 442 1467 ἄλλα
466 1420 739 1482 ὀνομάζουσι,
779 1416 1027 1470 Μακεδόνες
1063 1416 1106 1464 δὲ
1130 1417 1392 1465 Καύκασον·
1419 1415 1505 1464 ἀπὸ

219 1495 294 1549 τῆς
310 1493 491 1557 ἑσπέρας
510 1496 532 1538 ὃ
551 1490 679 1545 Ἰνδὸς
695 1490 886 1552 ποταμός
902 1509 911 1519 ·
927 1488 974 1536 τὸ
995 1488 1039 1537 δὲ
1056 1490 1191 1537 νότιον
1208 1489 1281 1537 καὶ
1301 1489 1349 1536 τὸ
1367 1508 1502 1554 προσ·

220 1567 323 1629 εῷον
344 1563 524 1627 πλευρὸν
551 1562 659 1611 πολὺ
689 1561 819 1624 μείζω
838 1565 920 1608 τῶν
937 1561 1091 1627 ἑτέρων
1121 1561 1221 1609 ὄντα
1243 1562 1502 1627 προπέπτω-

223 1655 294 1683 κεν
313 1638 369 1690 εἷς
393 1636 439 1683 τὸ
458 1634 727 1684 Ἀτλαντικὸν
748 1633 954 1697 πέλαγος,
978 1634 1231 1698 καὶγίνεται
1257 1634 1504 1700 ῥομὸοειδὲς

217 1710 266 1757 τὸ
289 1714 363 1768 τ’ἧς
385 1710 529 1775 χώρας
554 1713 704 1774 σχῆμα
720 1745 732 1767 ,
754 1711 838 1755 τῶν
861 1709 1062 1771 μειζόνων
1083 1711 1277 1773 πλευρῶν
1298 1709 1502 1772 ἑκατέρου

217 1785 563 1835 πλεονεκτοῦντος
582 1780 699 1846 παρὰ
717 1781 764 1828 τὸ
787 1780 1034 1829 ἀπεναντίον
1053 1781 1233 1845 πλευρὸν
1251 1781 1503 1846 τρισχιλίοις

219 1855 422 1912 σταδίοις,
459 1853 556 1900 ὅσον
595 1852 684 1900 ἐστὶ
710 1853 759 1900 τὸ
799 1853 934 1900 κοινὸν
964 1853 1091 1917 ἄκρον
1129 1857 1205 1912 τ’ῆς
1242 1873 1289 1902 τε
1328 1857 1503 1912 ἑωθινῆς

217 1927 432 1990 παραλίας
465 1925 538 1973 καὶ
569 1929 643 1983 τῆς
666 1924 985 1993 μεισημὸρινῆς,
1013 1925 1092 1981 ἔξω
1126 1926 1437 1991 προπεπτωκὸς
1461 1925 1502 1982 ἐξ

220 1999 313 2057 ἴσης
335 1997 398 2064 ἐφ’
432 1998 630 2062 ἑκάτερον
670 1996 789 2063 παρὰ
823 1996 901 2055 τὴν
940 1998 1074 2057 ἄλλην
1114 1999 1254 2057 ἠϊόνα.
1295 2003 1388 2057 Τῆς
1421 1999 1499 2062 μὲν

216 2064 288 2118 οὖν
327 2072 520 2134 ἑσπερίου
543 2073 728 2141 πλευρᾶς
755 2070 840 2118 ἀπὸ
861 2074 946 2118 τῶν
983 2072 1246 2119 Καυκασίων
1279 2074 1389 2139 ὀρῶν
1423 2073 1494 2122 ἐπὶ

215 2143 292 2200 τὴν
317 2142 451 2189 νότιον
471 2143 695 2190 Ιθάλατταν
716 2141 881 2190 στάδιοι
907 2143 1096 2206 μάλιστα
1132 2143 1332 2209 λέγονται
1358 2144 1502 2212 μύριοι

213 2214 436 2281 τρισχίλιοι
462 2216 582 2280 παρὰ
601 2215 670 2263 τὸν
698 2216 832 2264 Ἰνδὸν
861 2217 1055 2280 ποταμὸν
1099 2217 1230 2283 μέχρι
1258 2221 1342 2266 τῶν
1373 2219 1503 2267 ε’κὸοα-

214 2290 297 2334 λῶν
329 2289 481 2335 αὐτοῦ·
514 2288 616 2335 ὥστ’
654 2288 904 2336 ἀπεναντίον
930 2293 972 2347 ἡ
1010 2290 1160 2349 ἑωθινὴ
1189 2291 1502 2357 προσλαὸοῧσα

214 2358 308 2414 τοὺς
359 2379 433 2417 της
470 2359 603 2426 ἄκρας
640 2360 899 2426 τρισχιλίους
935 2362 1056 2410 ἔσται
1051 2362 1254 2438 μυρίων
1299 2364 1373 2412 καὶ
1408 2363 1502 2419 ἑξα-

215 2433 438 2496 κιογιλίων
465 2432 663 2481 σταδίων.
734 2436 824 2482 Γ
778 2453 875 2482 ουτο
914 2433 990 2497 μὲν
1029 2439 1100 2483 οὖν
1134 2434 1295 2491 πλάτος
1325 2457 1402 2495 της
1419 2435 1504 2501 χώ-

215 2525 287 2569 ρας
327 2505 374 2552 τό
414 2508 454 2553 τ’
479 2505 719 2571 ἐλάχιστον,
743 2507 818 2554 καὶ
860 2507 908 2554 τὸ
932 2507 1152 2572 μέγιστον.
1185 2512 1372 2567 Μηκος
1368 2510 1420 2557 δὲ
1453 2509 1503 2558 τὸ

215 2576 300 2623 ἀπὸ
322 2581 397 2635 τῆς
416 2577 595 2642 ἑσπέρας
625 2579 695 2626 ἐπὶ
720 2578 796 2637 τὴν
830 2578 908 2627 ἔω·
933 2580 1084 2629 τούτου
1109 2581 1152 2629 δὲ
1177 2582 1226 2629 τὸ
1260 2581 1338 2646 μὲν
1374 2582 1504 2648 μέχρι

219 2649 498 2712 Παλιὸόθρων
525 2649 614 2714 ἔχοι
640 2671 700 2706 τις
726 2650 776 2699 ἂν
800 2652 1083 2719 βεὸαιοτέρως
1119 2657 1276 2702 εἰπεῖν·
1309 2676 1503 2719 καταμε-

218 2720 423 2786 μέτρηται
442 2721 525 2785 γὰρ
547 2723 745 2787 σχοινίοις
771 2724 1002 2790 (σχοίνοισι
1032 2731 1220 2777 Arrian.
1228 2729 1266 2791 )‚
1290 2727 1412 2774 καὶ”
1388 2747 1504 2776 εστιν

216 2791 307 2846 ὁδὸς
329 2793 528 2856 βασιλικὴ
555 2795 735 2844 σταδίων
762 2797 922 2861 μυρίων
949 2799 1117 2862 (codd
1140 2799 1397 2867 δισμυρίων
1386 2817 1423 2865 )··
1451 2801 1504 2848 τὰ

218 2864 253 2910 δ’
287 2863 481 2912 ἐπέκεινα
517 2886 753 2934 στοχασμῳ
789 2870 1058 2931 λαμὸάνεται
1090 2871 1160 2919 διὰ
1182 2876 1266 2920 τῶν
1300 2872 1504 2920 ἀνάπλων

217 2939 301 2983 τῶν
327 2940 374 2984 ἐκ
393 2938 649 2996 θαλάττης
626 2940 695 2986 οιὰ
718 2961 790 2989 του
828 2943 999 3008 Γάγγου
1027 2964 1223 3007 ποταμου
1246 2945 1377 3010 μέχρι
1402 2948 1505 2994 Πα-

218 3008 450 3074 λιὸόθρων·
476 3010 542 3068 εἴη
568 3013 603 3058 δ’
643 3012 693 3059 ἂν
718 3015 901 3062 σταδίων
936 2994 1255 3082 ἑξακισχιλίων.
1277 3016 1436 3067 Ἔσται
1461 3017 1505 3065 δὲ

840 3158 882 3197 3.

271 3216 421 3256 indiam
453 3230 475 3257 a
513 3222 789 3271 septemtrione
822 3226 941 3265 'lauri
970 3228 1147 3268 extrema
1179 3229 1423 3279 terminant;
1454 3230 1505 3270 ab

223 3281 363 3319 Ariana
395 3293 522 3332 usque
552 3284 592 3322 in
625 3286 813 3327 orientale
839 3299 949 3329 mare
977 3294 1153 3343 montes,
1185 3304 1286 3342 quos
1311 3293 1505 3344 indigenae

221 3343 443 3392 singulatim
477 3349 731 3398 paropamisi,
754 3352 919 3401 Emodi,
951 3355 1050 3394 Imai
1081 3358 1120 3395 et
1152 3356 1239 3397 aliis
1275 3357 1503 3397 nominibus

221 3407 432 3456 ·,1ppellant
453 3410 684 3451 Macedones
699 3424 793 3452 vero
811 3418 1032 3457 Caucasum
1051 3422 1217 3470 vocant;
1234 3421 1284 3460 ab
1300 3421 1506 3462 occidente

222 3468 343 3508 indus
356 3470 522 3521 lluviu33
540 3476 710 3514 australe
727 3478 766 3515 et
785 3478 976 3520 orientale
991 3482 1108 3532 latus,
1125 3494 1216 3534 quae
1231 3486 1325 3524 sunt
1341 3484 1504 3536 reliquis

222 3535 340 3582 longe
372 3545 547 3584 majora,
577 3538 616 3575 in
643 3539 879 3581 Atlanticum
903 3545 1060 3594 pelagus
1094 3552 1376 3596 procurrunt:
1399 3550 1505 3589 unde

222 3597 327 3646 regio
363 3598 517 3638 rhombi
552 3600 721 3641 similem
760 3603 922 3654 liguram
967 3610 1138 3657 praeben
1175 3623 1269 3651 nam
1307 3614 1506 3653 utrumvis

222 3660 417 3708 mijorum
453 3661 623 3702 laterum
656 3667 897 3707 contrarium
928 3670 999 3710 sibi
1030 3672 1134 3712 latus
1162 3675 1291 3715 tribus
1331 3677 1505 3717 millibus

221 3725 436 3765 stadiorum
468 3731 700 3777 exsuperat,
730 3734 877 3780 quanta
899 3736 958 3773 est
984 3739 1205 3777 communis
1235 3740 1434 3781 orientalis
1464 3743 1505 3782 et

221 3787 487 3828 meridionalis
502 3790 624 3840 partis
643 3794 871 3835 extremitas
893 3807 982 3847 quae
1004 3799 1044 3837 in
1064 3804 1278 3852 utrumque
1297 3806 1504 3854 aequaliter

219 3853 408 3892 excurrit.
431 3854 693 3896 Occidentalis
713 3857 844 3898 lateris
863 3870 886 3898 a
915 3863 1115 3903 caucasiis
1134 3867 1333 3907 montibus
1352 3868 1403 3907 ad
1430 3880 1502 3908 au·

220 3917 338 3957 strate
347 3929 456 3957 mare
464 3919 651 3959 tredecim
662 3921 782 3961 millia
796 3923 1009 3964 stadiorum
1021 3929 1274 3976 perhibentur
1287 3933 1504 3974 secundum

225 3980 363 4019 indum
383 3980 530 4021 llnmen
549 3994 674 4033 usque
694 3984 744 4023 ad
765 3988 851 4034 ejus
873 3986 991 4027 ostifi
1016 3991 1262 4042 Quapropter
1281 3997 1503 4045 oppositum

221 4045 408 4085 orientale
438 4045 562 4095 latus,
584 4049 794 4098 assumptis
812 4053 1073 4092 extremitatis
1090 4055 1214 4095 tribus
1234 4059 1407 4099 millibus
1433 4063 1505 4101 erit

221 4107 435 4147 stadiorum
467 4109 635 4150 sedecim
675 4112 860 4155 millIum.
882 4118 1012 4167 Atque
1050 4117 1133 4157 haec
1167 4122 1225 4158 est
1263 4124 1435 4163 maxima
1466 4127 1505 4164 et

223 4171 386 4210 minima
412 4173 578 4222 regionis
597 4175 777 4217 latitudo.
802 4179 1022 4229 Longitudo
1044 4193 1138 4222 vero
1158 4187 1216 4223 est
1235 4187 1284 4224 al)
1303 4188 1504 4229 occidente

224 4233 262 4273 in
295 4234 484 4275 orientem
501 4267 511 4285 ,
537 4249 627 4289 qum
660 4243 806 4291 «iuuenta
831 4243 880 4282 sit
905 4243 952 4282 de
980 4256 1023 4283 ea
1049 4248 1159 4295 parte
1185 4258 1275 4298 qua}
1306 4261 1428 4301 usque
1455 4253 1503 4292 ad

1344 271 1573 320 MEGAS'
1570 271 1787 319 rflEMS

1583 372 1631 418 τὸ
1651 379 1756 434 πᾶν,
1781 376 1808 436 ᾗ
1833 351 2127 436 βραχύτατον,
2153 370 2317 437 μυρίων
2344 369 2714 436 ἑξακισχιλίων,
2691 394 2749 427 ως
2775 372 2824 423 ἔκ
2837 380 2917 425 τι

1585 447 1661 500 τῆς
1676 446 1923 509 ἀναγραφῆς
1935 446 2019 490 τῶν
2038 446 2239 504 σταθμῶν
2255 446 2331 499 τῆς
2339 443 2681 506 πεπιστευμένης
2697 446 2908 508 μάλιστα
2943 441 2981 516 ἦ...

1585 514 1733 560 λαὸεῖν
1754 513 2070 579 Ἐρατοσθένης
2093 513 2218 579 φησί·
2239 513 2314 561 καὶ
2337 516 2359 560 ὁ
2381 517 2429 563 Μ
2444 533 2463 562 ε
2479 516 2753 580 γασθένης
2775 538 2798 568 ο

1586 586 1952 651 συναποφαίνεται
1968 605 1978 615 ·
2001 587 2263 651 Πατροκλῆς
2289 584 2332 632 δὲ
2354 586 2509 650 χιλίοις
2535 587 2711 638 ἔλαττόν
2724 602 2895 656 φησιω
2992 648 2994 655 ¹

1586 657 1667 704 Ἐκ
1692 658 1735 703 δὲ
1762 658 1923 704 τούτοιν
1946 658 2153 722 πάρεστιν
2177 660 2296 722 ὁρᾶν,
2315 657 2412 706 ὅσον
2438 659 2711 726 διαφέρουσιν
2733 665 2778 711 αἱ
2837 691 2853 702 ν
2945 686 2951 729 ρ
2983 660 2991 703 ἶ

1589 728 1731 776 ἄλλων
1779 730 2045 795 ἀποφάσεις,
2100 729 2293 787 Κτησίου
2347 730 2424 793 μὲν
2471 735 2549 780 οὐκ
2598 734 2768 782 ἐλάττω
2833 740 2863 753 ’”’
2946 732 2949 746 ’
2981 729 2987 745 ¹

1586 800 1720 858 ἄλλης
1737 801 1879 856 Ἀσίας
1898 802 1975 860 τὴν
1995 800 2185 860 Ἰνδικὴν
2199 802 2408 866 λέγοντος,
2424 804 2722 871 Ὀνησικρίτου
2739 807 2784 855 δὲ
2795 808 2907 875 ‘epid'

1584 891 1655 925 τον
1680 892 1732 934 με
1715 872 1806 938 ’ρος
1823 877 1898 930 τῆς
1914 873 2188 937 οἰκουμένης,
2208 874 2411 940 Νεάρχου
2435 875 2481 924 δὲ
2503 881 2651 940 μηνῶν
2675 878 2772 927 ὁδὸν
2795 898 2891 929 τετε

1582 944 1722 1009 τάρων
1743 944 1826 1003 τὴν
1847 946 1898 992 δι’
1916 948 2045 994 αὐτοῦ
2077 951 2150 993 τοῦ
2175 946 2347 1006 πεδίου,
2381 950 2683 1013 Μεγασθένους
2723 951 2768 1000 δὲ
2810 950 2903 1015 καὶ,Ἰ
2947 995 2949 999 ⁴

1583 1023 1815 1088 Δηϊμάχου
1840 1026 2167 1116 μετριασάντων
2196 1029 2382 1090 μᾶλλον·
2407 1028 2517 1095 ὑπὲρ
2533 1028 2617 1095 γὰρ
2637 1030 2910 1122 δισμυρίουξῑ
2983 1027 2993 1096 {j

1584 1095 1746 1142 τιθέασι
1772 1097 1992 1156 σταδίους,
2016 1098 2065 1146 τὸ
2089 1098 2176 1145 ἀπὸ
2204 1118 2285 1157 της
2313 1098 2454 1148 νοτίου
2477 1102 2734 1161 θαλάττης’
2715 1104 2786 1151 επι
2807 1103 2895 1162 τὸν
2950 1148 2951 1151 ,

1588 1167 1836 1215 Καύκασον.
1859 1172 2074 1217 Eundem
2107 1173 2234 1218 hunc
2272 1175 2589 1221 Eratosthenis
2610 1178 2768 1223 locum
2799 1190 2886 1226 exv
2901 1200 2914 1217 ν
2950 1183 2951 1186 ’

1582 1243 1766 1301 sciipsit
1785 1245 2008 1289 Arrianus
2025 1245 2383 1303 Ind.6·,1—-5,
2430 1248 2599 1307 quibus
2631 1265 2691 1295 ex
2729 1238 2913 1318 Mega-1
2983 1252 2985 1298 ]

1581 1316 1740 1359 sthene
1777 1316 1962 1375 subjicit
1996 1332 2107 1376 quae
2118 1319 2339 1378 leguntur
2375 1319 2542 1381 fragm.
2582 1321 2629 1370 6.
2667 1349 2734 1357 ——
2757 1327 2912 1388 exord

1582 1384 1757 1448 νίοις]«
1800 1390 1857 1433 In
1881 1391 2100 1435 omnibus
2129 1391 2372 1437 Strabonis
2394 1393 2538 1438 codd.
2565 1395 2735 1456 legitur
2757 1406 2918 1461 exer-'-
2946 1392 2947 1395 ¹
2983 1407 2985 1409 '

1581 1458 1695 1516 νίοις,
1717 1470 1764 1505 et
1779 1462 1905 1522 apud
1920 1464 2202 1508 Arrianum
2189 1481 2240 1508 in
2257 1466 2479 1511 omnibus
2491 1464 2690 1529 σχοίνοις.
2707 1469 2885 1528 Quam-
2901 1478 2904 1482 ’
2982 1468 2986 1476 ⁴

1581 1535 1649 1578 vis
1682 1535 1798 1579 nihil
1835 1537 1886 1579 in
1919 1546 2126 1596 utraque
2155 1539 2357 1584 lectione
2392 1541 2538 1599 possit
2573 1543 2884 1604 reprehendi,
2904 1536 2941 1565 ³³

1579 1615 1735 1651 tamen
1758 1624 1922 1653 vocem
1955 1608 2142 1672 σχοίνοις
2165 1613 2347 1657 m'utare
2377 1612 2557 1659 facilius
2582 1624 2703 1673 erat,
2744 1607 2928 1676 quamfsf

1580 1679 1826 1725 immutare
1864 1681 2093 1744 σχοινίοις,
2141 1683 2363 1730 Straboni
2382 1686 2506 1730 enim
2527 1687 2705 1734 mirum
2734 1689 2886 1736 videti

1578 1760 1766 1811 poterat
1782 1788 1795 1813 ‚
1824 1755 2002 1799 schoeni
2032 1771 2298 1804 mensuram
2331 1773 2423 1817 qua
2455 1759 2605 1805 Graeci
2635 1762 2707 1805 'uti
2727 1776 2885 1808 assue-
2901 1753 2941 1811 5⁹}

1578 1841 1661 1870 ve1
1663 1836 1767 1884 ant,
1807 1829 1857 1871 in
1880 1829 2016 1873 India
2038 1829 2275 1877 adhiberi
2309 1832 2540 1877 Convenit
2557 1842 2712 1879 autem
2730 1836 2939 1882 schoe--.

1579 1914 1688 1955 nus,
1741 1901 1823 1959 qui
1865 1902 2160 1946 Eratostheni
2208 1911 2275 1948 est
2318 1919 2535 1950 mensura
2577 1907 2889 1968 quadraginta
2917 1909 2936 1939 -”

1579 1972 1756 2017 stadim
1757 1989 1839 2017 um
1865 1972 2068 2035 (Plinius
2087 1975 2147 2019 H.
2173 1976 2232 2023 N.
2267 1977 2382 2034 XII,
2407 1974 2515 2039 30),
2540 1987 2754 2024 accurate
2774 1993 2914 2031 cum⁴

1579 2045 1741 2109 Indica
1786 2044 1885 2107 Jog'
1887 2061 1998 2091 anoe
2050 2063 2293 2105 mensura,
2344 2065 2448 2109 quae
2502 2058 2726 2110 quattuor
2777 2053 2894 2098 crde-a
2931 2093 2936 2100 .

1580 2134 1660 2176 pas
1683 2121 1910 2164 continet.
1979 2120 2231 2180 Duplicem
2251 2122 2396 2183 vulgo
2435 2123 2778 2184 longitudinem
2799 2124 2901 2183 ,ἰὸ-
2932 2138 2937 2163 '1

1578 2206 1706 2251 ganae
1743 2193 1935 2237 attribui
1968 2208 2066 2237 non
2103 2194 2302 2254 ignoro,
2352 2195 2437 2240 sed
2471 2197 2611 2242 etiam
2649 2197 2820 2242 minor

1579 2279 1727 2323 quum
1753 2265 1840 2325 ipsi
1862 2265 1971 2311 Indi
1993 2276 2254 2327 agnoscunt
2278 2266 2368 2328 (cf.
2383 2271 2475 2316 As.
2503 2271 2610 2317 Res,
2635 2272 2692 2331 V,
2728 2269 2816 2316 105
2830 2269 2921 2332 ›³⁵3-

1579 2346 1679 2381 tum
1694 2338 1904 2384 Sinenses
1919 2340 2292 2400 peregrinatores
2304 2339 2378 2402 (cf.
2395 2341 2705 2387 Foe-lcoue-ki
2717 2342 2904 2407 87-88jz11
2934 2367 2935 2370 ¹

1579 2412 1733 2471 etipse
1750 2412 2066 2472 Megasthenes
2079 2413 2172 2457 hoc
2195 2414 2302 2458 loco
2318 2412 2560 2460 Strabonis
2578 2416 2652 2476 (p.
2674 2415 2790 2479 708)
2804 2430 2822 2463 ε.
2838 2413 2900 2478 οἱ,
2928 2424 2934 2457 -ἶ

1580 2482 1841 2547 ἀγορανόμοι
1858 2483 2099 2531 ὁδοποιοῦσι
2115 2482 2191 2531 καὶ
2205 2483 2342 2532 κατὰ
2358 2485 2483 2533 δέκα
2503 2485 2600 2534 στά
2614 2488 2696 2533 δια
2715 2485 2882 2546 στήλην,

1577 2553 1741 2602 τιθέασι
1758 2553 1871 2608 τὰς’
1852 2553 2062 2621 εκτροπὰς
2076 2555 2150 2603 καὶ
2165 2555 2220 2602 τὰ
2229 2557 2505 2620 διαστήματα
2526 2560 2755 2617 δηλουσαν
2772 2553 2952 2620 Quo-²³.

1579 2644 1638 2673 ex
1660 2630 1769 2673 loco
1793 2630 1886 2674 hoc
1912 2638 2038 2675 certe
2071 2641 2289 2691 apparet,
2316 2632 2480 2677 decem
2501 2633 2650 2678 stadia
2672 2635 2898 2718 aliquam·
2926 2682 2931 2687 ,

1580 2684 1793 2749 Indicam
1811 2718 2075 2748 mensuram
2098 2719 2301 2764 aequare,
2323 2721 2426 2765 quae
2450 2707 2540 2751 alia
2563 2715 2703 2766 atque
2720 2707 2880 2755 minoe
2927 2708 2929 2711 ’

1578 2775 1659 2820 illa
1677 2791 1810 2835 croca
1835 2791 1930 2821 esse
1953 2792 2053 2822 non
2075 2786 2300 2842 potest.»
2326 2778 2655 2827 Schwanbeck.
2680 2793 2731 2838 p.
2761 2793 2843 2836 27.

2209 2894 2253 2938 4.

1646 3019 1816 3070 Strabo
1841 3019 1911 3075 11,
1942 3035 1993 3080 p.
2017 3034 2078 3080 79
2101 3017 2193 3067 fin.
2219 3034 2230 3062 ι
2263 3015 2451 3077 Φησὶνὸ
2474 3012 2719 3082 Ἵππαρχος
2739 3017 2783 3065 ἐν
2812 3019 2877 3083 τῷ

1582 3157 1816 3203 Palibothra
1843 3155 2070 3208 pertendit,
2101 3155 2249 3196 certius
2271 3154 2350 3195 dici
2374 3156 2506 3205 potest
2536 3170 2547 3195 ι
2573 3155 2746 3200 schoenis
2767 3154 2879 3199 enim

1576 3220 1758 3263 dimensa,
1769 3221 1828 3260 est
1840 3222 1880 3261 et
1891 3220 1999 3272 viam
2009 3211 2157 3271 regiam
2173 3219 2294 3260 habet
2304 3219 2522 3261 stadiorum
2534 3218 2673 3259 decem
2689 3218 2876 3264 millium.

1580 3284 1772 3329 Ulteriora
1786 3295 1882 3325 vero
1898 3284 2127 3335 conjectura
2138 3283 2490 3334 deprehenduntur
2505 3293 2583 3334 per-
2589 3282 2877 3339 navigationes,

1576 3359 1668 3400 quae
1683 3359 1735 3390 ex
1750 3349 1851 3394 mari
1867 3348 1970 3388 fiunt
1986 3348 2156 3388 adverso
2171 3343 2308 3398 Gangc
2323 3347 2560 3393 Palibothra,
2569 3358 2710 3402 usque,
2722 3349 2765 3388 et
2780 3349 2874 3391 sunt

1575 3414 1797 3457 stadiorum
1827 3414 1984 3460 circiter
2009 3425 2079 3454 sex
2102 3413 2242 3453 millia.
2268 3412 2462 3454 Universa
2494 3411 2617 3463 igitur
2645 3411 2874 3464 longitude.¹

1576 3478 1646 3518 uhi
1666 3478 1856 3528 minima,
1873 3480 1933 3519 est
1962 3478 2184 3518 stadiorum
2203 3476 2376 3518 sedecim
2394 3476 2593 3527 millium,
2613 3477 2661 3518 ut
2683 3476 2735 3517 eit
2759 3485 2874 3531 mun,-

1576 3543 1733 3586 sionum
1747 3543 1975 3591 recensione
1997 3543 2076 3584 fide
2087 3542 2314 3593 dignissima
2326 3542 2518 3593 recepisse
2529 3551 2572 3582 se
2589 3533 2869 3586 Eratostheni

1575 3608 1687 3648 dicit.
1718 3607 1874 3648 Eodem
1892 3607 2014 3648 modo
2043 3607 2163 3647 etiam
2189 3606 2461 3657 Megasthenes
2492 3616 2698 3646 mensuras
2722 3603 2879 3676 tradit}

1575 3673 1776 3715 Patrocles
1799 3683 1896 3711 vero
1923 3672 2031 3711 mille
2052 3670 2181 3711 stadia
2205 3670 2531 3710 detrahit.-.ch
2551 3669 2719 3720 perspici
2740 3660 2891 3727 90ωῂ

1576 3739 1774 3788 quantum
1811 3737 2057 3790 reliquorum
2080 3735 2288 3775 sententiae
2314 3735 2562 3786 discrepent,
2592 3744 2687 3774 nam
2718 3733 2872 3776 Ctesias

1576 3801 1675 3840 dicit·
1689 3801 1842 3846 Indiam
1852 3812 1932 3840 non
1944 3811 2028 3840 esse
2039 3799 2232 3839 minorem
2245 3799 2398 3849 reliqua
2412 3797 2517 3849 Asia,
2530 3797 2773 3839 onesicritus
2780 3786 2873 3871 ’00Ιῇ

1576 3875 1660 3905 esse
1675 3865 1860 3909 trientem
1891 3863 1998 3904 orbis
2023 3862 2215 3912 habitati,
2233 3861 2448 3903 Nearchus'
2458 3863 2651 3913 quattuor
2674 3860 2869 3902 mensium

1575 3928 1651 3969 iter
1677 3939 1760 3969 esse
1777 3940 1845 3979 per
1872 3929 2001 3978 ipsum
2021 3937 2225 3982 campum,
2250 3926 2520 3977 Megasthenes
2539 3936 2637 3966 vero
2656 3926 2697 3965 et
2709 3919 2870 3967 0σίωο

1576 3994 1675 4035 chus
1701 3993 1942 4033 moderatius
1970 3992 2103 4046 agunt.
2134 3995 2236 4033 Nam
2269 4001 2390 4042 supra
2430 3990 2566 4042 viginti
2599 3989 2724 4030 millia
2743 3989 2858 4030 stadi

1577 4069 1664 4097 eam
1678 4060 1828 4108 partem
1842 4060 1996 4108 ponunt
2008 4067 2099 4108 qua)
2107 4056 2158 4097 ab
2173 4056 2335 4097 australi
2348 4056 2448 4103 mari
2460 4055 2592 4106 patet·
2581 4066 2623 4102 ιιι
2635 4057 2824 4099 Caucasm
2854 4051 2865 4103 ,ζ

1629 4192 1747 4232 Addit
1778 4192 2023 4243 Hipparchus
2049 4191 2150 4235 libro
2179 4191 2378 4240 secund0,
2410 4190 2539 4240 ipsum
2568 4189 2874 4231 Eratosthene·.·

1579 4255 1699 4295 sidem
1730 4256 1895 4296 Patrocli
1921 4255 2129 4306 derogare,
2144 4254 2254 4305 quod
2282 4255 2314 4294 is
2329 4266 2351 4294 a
2374 4253 2627 4304 Megasthene
2646 4251 2816 4293 dissense
2848 4262 2878 4307 w.
