3016 4628
113 407 226 450 tino.
250 405 361 447 Nam
387 401 467 444 ubi
492 401 722 443 Musoeum
755 405 1011 455 exspectas,
1039 393 1231 438 Proclus
1263 390 1399 449 ponit

112 479 377 528 Dorionem;
410 472 575 517 eodem
591 471 697 514 loco
716 467 829 532 Δρής
845 469 1113 512 nominatur
1129 480 1204 524 ap.
1227 464 1397 508 Chara-

53 571 55 574 ·
90 570 93 579 ·
112 565 236 604 cem,
262 543 425 609 Ὄρτης
444 546 492 587 in
508 545 705 589 Certam.
725 544 930 586 Hom-et
948 539 1152 584 Hesiodi.
1179 538 1290 594 Quae
1309 550 1400 577 no-

112 623 235 667 mina
262 635 316 664 ex
349 633 443 662 uno
481 616 740 675 eodemque
774 622 995 673 corrupta
1035 627 1127 657 esse
1160 608 1395 662 videntur.

53 1345 59 1351 Δ
179 1287 342 1347 Suidas
386 1302 396 1330 :
447 1281 800 1347 Ἀναξίμανδρος,
841 1279 1202 1344 Ἀναξιμάνδρου,
1256 1278 1401 1336 Μιλή-

111 1380 198 1414 σιος
211 1396 222 1417 ,
250 1362 271 1406 ὁ
291 1356 513 1420 νεώτερος,
541 1354 763 1420 ἱστορικός·
781 1352 928 1418 γέγονε
946 1352 990 1400 δὲ
1006 1351 1120 1400 κατὰ
1136 1351 1230 1405 τοὺς
1254 1351 1401 1416 Ἀρτα-

113 1432 254 1499 ξέρξου
296 1429 472 1497 χρόνους
517 1433 591 1475 τοῦ
636 1426 870 1488 Μνήμονος
914 1425 1158 1482 κληθέντος.
1201 1419 1402 1490 Ἔγραψε

37 1500 45 1564 s
114 1506 353 1568 Συμὸόλων
379 1500 684 1565 Πυθαγορείων
710 1498 926 1562 ἐξήγησιν·
963 1491 1049 1546 οἷόν
1083 1500 1174 1545 ἐστι
1193 1497 1241 1544 τὸ
1264 1497 1402 1560 Ζυγὸν

113 1579 172 1640 μὴ
213 1576 506 1643 ὑπερὸαίνειν·
546 1573 751 1638 Μαχείρᾳ
788 1578 874 1636 π’ῦρ
909 1571 969 1634 μὴ
1009 1569 1260 1618 σκαλεύειν·
1299 1571 1403 1619 Ἀπὸ

111 1650 346 1716 ὁλοκλήρου
372 1648 500 1713 ἄρτου
523 1645 583 1709 μὴ
605 1645 755 1694 ἐσθίειν
772 1663 782 1674 ·
805 1647 879 1692 καὶ
899 1643 953 1691 τὰ
976 1643 1125 1692 λοιπά.
1150 1644 1217 1692 Cf.
1237 1647 1403 1691 Eudo—

111 1729 197 1772 cia.
228 1725 527 1786 (Artaxerxes
549 1723 773 1766 Mnemon
794 1735 929 1780 regn.
961 1717 1222 1779 405—359
1247 1735 1289 1763 a.
1319 1719 1399 1780 C.)

174 1799 374 1858 Diogen.
399 1799 454 1842 L.
479 1797 552 1855 ΙΙ,
576 1810 602 1838 2
629 1810 639 1838 :
673 1796 844 1838 Praeter
866 1792 1269 1837 Anaximandrum
1304 1793 1402 1851 phi-

112 1871 358 1931 losophum
388 1865 534 1930 γέγονε
562 1864 635 1912 καὶ
657 1864 785 1918 ἄλλος
808 1862 1138 1926 Ἀναξίμανδρος
1159 1862 1395 1927 ἱστορικὸς,

111 1941 185 1990 καὶ
209 1940 336 1994 αὐτὸς
360 1941 597 1997 Μιλήσιος,
621 1940 676 2002 τῇ
695 1936 806 1986 Ἰάδι
828 1934 1071 2001 γεγραφώς.

176 2014 522 2069 Anaximander
556 2013 603 2057 h.
627 2013 659 2058 l.
691 2011 882 2055 fortasse
903 2025 1003 2054 non
1026 2010 1233 2055 diversus
1258 2020 1326 2055 est
1347 2010 1405 2055 ab

30 2090 65 2143 ὲ,
112 2090 216 2145 illo,
241 2104 380 2148 quem
403 2102 511 2131 eum
533 2085 840 2131 Stesimbroto
868 2084 991 2127 inter
1006 2084 1249 2143 magistros
1270 2085 1405 2128 Nice-

30 2153 61 2225 ¹ji·
112 2164 201 2208 rati
230 2163 439 2206 nominat
469 2159 744 2218 Xenophon
783 2157 977 2203 Conviv.
1005 2157 1102 2212 III,
1141 2155 1187 2200 6.
1215 2157 1406 2201 Stesim-

36 2286 37 2291 Ἰ
112 2236 254 2280 broto
285 2243 440 2279 tamen
466 2232 706 2291 juniorem
739 2229 908 2285 fuisse,
946 2238 999 2272 ut
1027 2229 1110 2287 qui
1146 2229 1232 2272 sub
1269 2229 1407 2273 Arta—-

35 2308 45 2350 Τ
79 2281 252 2354 ’,κει-κε
273 2306 424 2351 adhuc
444 2303 653 2349 floruisse
677 2302 876 2357 dicatur,
903 2300 1037 2344 facile
1059 2301 1267 2360 colligas.

28 2431 38 2436 η
179 2383 351 2425 Praeter
373 2377 696 2438 symbolorum
719 2375 1141 2434 Pythagoricorum
1165 2374 1400 2432 interpre-

40 2468 71 2502 2.
116 2455 343 2498 tationem
365 2451 592 2510 scripsisse
625 2448 813 2492 videtur
850 2447 1105 2491 Historiam
1129 2445 1405 2504 mythicam,

108 2526 153 2570 si
183 2525 376 2584 quidem
414 2531 538 2567 recte
572 2521 667 2564 huc
700 2517 993 2563 referendam
1041 2532 1134 2562 esse
1173 2531 1409 2561 censemus

43 2655 46 2658 ἡ
117 2613 258 2657 quam
282 2596 526 2644 Athenaeus
543 2591 703 2637 laudat
725 2589 1064 2634 Anaximandri
1088 2584 1404 2650 <Ηρωολογίοιν.

575 2674 952 2724 ΗΡΩΟΛΟΓΙΑ.

750 2770 790 2800 1.

184 2839 429 2884 Athenaeus
445 2837 538 2891 XI,
553 2851 602 2894 p.
626 2831 744 2892 498,
767 2833 807 2876 A
832 2847 842 2874 :
865 2827 1067 2882 εΗσίοδος
1086 2828 1129 2874 ἐν
1150 2829 1211 2892 τῷ
1229 2826 1411 2891 δευτέρῳ

120 2907 435 2971 Μελαμποδίας
462 2903 536 2953 σὺν
562 2907 624 2968 τῷ
645 2923 679 2950 π
705 2901 943 2967 σκύπφον
970 2899 1134 2964 λέγει...
1154 2898 1346 2962 Ὁμοίως
1365 2897 1410 2945 δὲ

120 2981 194 3029 καὶ
229 2977 556 3042 Ἀναξίμανδρος
594 2977 637 3021 ἐν
685 2978 738 3037 τῇ
777 2973 1080 3039 “Ηρωολογία,
1126 2971 1263 3034 λέγων
1305 2965 1410 3018 ὦδε·

127 3075 147 3094 «
173 3050 441 3118 Ἀμφιτρύων
463 3051 507 3096 δὲ
525 3048 603 3106 τὴν
628 3046 750 3105 λείην
770 3046 1014 3109 δασάμενος
1038 3051 1124 3098 τοῖς
1142 3044 1410 3108 συμμάχοις,

123 3123 196 3172 καὶ
224 3123 297 3171 τὸν
319 3121 513 3188 σκύπφον
539 3119 650 3184 ἔχων
677 3118 723 3166 ὃν
751 3118 890 3166 εἵλετο
921 3119 1055 3182 αὑτῷ.
1086 3138 1105 3158 »
1141 3116 1230 3164 Καὶ
1253 3116 1385 3162 πάλιν
1401 3134 1411 3144 ·

125 3219 144 3240 α
179 3197 265 3246 Τὸν
299 3195 344 3243 δὲ
380 3194 575 3259 σκύπφον
600 3189 806 3254 Τηλεὸόῃ
831 3189 980 3237 δίδωσι
1005 3188 1225 3236 Ποσειδῶν
1242 3224 1255 3246 ,
1290 3185 1414 3233 παιδὶ

125 3272 184 3334 τῷ
208 3272 357 3317 ἑαυτοῦ
372 3286 381 3295 ·
410 3264 639 3324 Τηλεὸόης
661 3264 704 3310 δὲ
729 3262 980 3328 Πτερέλεῳ·
1004 3266 1153 3309 τοῦτον
1176 3258 1285 3307 ἑλὼν
1311 3257 1413 3306 ἀπέ-

125 3343 268 3390 πλεεν.
299 3361 317 3386 ι

126 3488 199 3533 bri
225 3488 382 3532 titulus
402 3483 699 3545 reponendus
723 3482 851 3542 apud
882 3483 1148 3526 Hecataeum
1180 3478 1238 3522 fr.
1269 3476 1380 3530 354.

749 3576 775 3604 2

190 3644 388 3690 Bekker.
433 3641 609 3687 Anecd.
648 3656 695 3699 p.
725 3638 814 3696 783
857 3654 866 3680 :
893 3635 1191 3696 Pythodorus
1222 3642 1268 3677 et
1292 3633 1418 3676 Phil-

189 3416 259 3462 Cf.
282 3414 520 3461 Herodori
545 3412 603 3458 fr.
636 3428 653 3455 1
667 3445 677 3455 .
697 3436 761 3455 2—·
783 3410 825 3455 ἐν
850 3411 904 3470 τῇ
927 3397 1200 3472 ἠρωολογίᾳ]
1220 3406 1345 3450 idem
1362 3407 1415 3449 li-

794 287 871 334 ET
906 281 1372 333 ANAXlMANDRl
1411 279 1644 345 MlLESll
1683 280 2088 328 FRAGMENTA.
2698 289 2755 327 67

1475 391 1528 432 iis
1552 399 1711 449 gentes
1736 390 1902 448 quibus
1928 390 2092 448 singuli
2121 392 2375 432 Homerum
2406 391 2638 434 vindicare
2662 400 2763 436 stu-

1475 461 1685 518 duerint,
1720 464 1904 519 Dorcs„
1928 462 2152 516 Thraces,
2198 461 2486 522 Odrysas(?)3
2533 465 2762 508 Musoeum

1475 549 1585 577 vero
1605 535 1656 579 iis
1683 534 1868 589 deberi,
1892 534 2098 592 quicum
2115 533 2461 576 Atheniensium
2485 536 2664 578 civitate
2685 551 2765 595 ge-

1475 607 1738 666 nealogiam
1757 606 1950 650 Homeri
1972 604 2314 662 conjunxerint.
2332 603 2399 649 Cf.
2423 604 2544 647 idem
2569 621 2619 663 p.
2649 622 2734 664 ¹92
2751 640 2762 660 ‚

105 692 382 740 -Welckerus
409 689 551 751 (Cycl.
574 704 624 748 p.
654 692 762 747 149,
782 687 864 731 ubi
879 684 1009 746 vide)
1029 684 1185 729 statuit
1200 679 1397 724 indicari
1483 678 1594 734 1763
1619 678 1822 723 Nitzsch.
1849 678 1967 721 Hist.
1995 678 2137 722 Hom.
2165 676 2235 730 II,
2258 690 2303 733 p.
2331 673 2408 717 88.

1763 846 1903 854 ———.-ae

539 962 1568 1101 ANAXIMANDER
1639 964 2320 1097 MILESIUS.

1476 1283 1529 1326 lis
1550 1282 1712 1326 Delius
1734 1297 1760 1326 a
1794 1284 1956 1326 Danao
1995 1282 2151 1324 literas
2177 1282 2225 1324 in
2259 1281 2485 1325 Graeciam
2516 1289 2771 1339 asportatas

1477 1370 1570 1399 esse
1594 1354 1772 1400 dicunt.
1801 1351 2175 1416 Ἔπιμαρτυροῧσι
2201 1350 2362 1404 τούτοις
2390 1350 2464 1397 καὶ
2489 1352 2527 1397 οἱ
2554 1352 2772 1407 Μιλησια-

1476 1425 1544 1472 κοὶ
1567 1425 1826 1491 συγγραφεῖς
1843 1423 2182 1488 Ἀναξίμανδρος
2200 1423 2275 1471 καὶ
2293 1422 2512 1477 Διονύσιος
2535 1423 2608 1470 καὶ
2631 1423 2771 1471 Ἑκα-

1476 1505 1614 1556 ταῖος,
1638 1497 1708 1552 οὒς
1730 1498 1804 1545 καὶ
1822 1497 2138 1562 Ἀπολλόδωρος
2158 1499 2202 1543 ἐν
2235 1499 2356 1544 Νεῶν
2377 1496 2607 1562 καταλόγῳ
2632 1515 2774 1561 παρα-

1479 1572 1658 1620 τίθεται.
1701 1575 1810 1619 Sine
1849 1573 1999 1618 dubio
2024 1571 2227 1617 Milesius
2245 1571 2407 1630 junior
2431 1572 2772 1631 intelligendus,

1477 1648 1545 1694 Cf.
1570 1647 1767 1692 Nitzsch.
1793 1648 1853 1692 H.
1881 1648 2025 1692 Hom.
2050 1647 2098 1702 Ι,
2120 1661 2167 1705 Ρ.
2193 1659 2273 1704 79,

1977 1769 2281 1790 ,ψ

1544 1961 1815 2020 Fulgentius
1838 1961 1985 2019 Myth.
2011 1961 2059 2016 Ι,
2088 1964 2143 2012 14
2171 1975 2180 2002 :
2211 1959 2422 2017 Apollini
2446 1973 2602 2001 novem
2631 1959 2774 2017 depu-

1480 2044 1584 2078 tant
1599 2035 1787 2087 Musas,
1815 2037 2052 2092 ipsumque
2086 2033 2310 2075 decimum
2337 2031 2488 2074 Musis
2511 2031 2741 2086 adjiciunt
2761 2046 2775 2071 .-

1479 2110 1564 2151 illa
1597 2108 1820 2151 videlicet
1846 2122 2005 2161 causa,
2044 2106 2168 2164 quod
2202 2104 2419 2148 liumanoe
2449 2107 2578 2146 vocis
2617 2104 2772 2146 decem

1478 2186 1574 2225 sint
1617 2181 1953 2231 modulamina,
1994 2179 2114 2222 uncle
2151 2193 2252 2221 cum
2287 2175 2577 2220 decachorda
2610 2177 2779 2234 Apollo

1474 2258 1689 2314 pingitur
1719 2252 1917 2297 cithara.
1949 2251 2047 2295 Sed
2083 2260 2131 2294 et
2161 2252 2239 2293 lex
2271 2250 2427 2293 divina
2461 2248 2777 2292 decachordon

1480 2327 1593 2369 dicit
1603 2327 1891 2384 psalterium.
1916 2325 1995 2367 Fit
2009 2325 2150 2380 igitur
2171 2338 2254 2365 vox
2272 2330 2487 2381 quattuor
2498 2321 2709 2364 dentibus
2729 2336 2779 2364 e—

1480 2408 1638 2442 contra
1651 2401 1836 2457 positis,
1858 2411 1966 2455 quos
1985 2397 2145 2453 lingua
2155 2398 2360 2454 percutit
2377 2410 2390 2436 .·
2409 2409 2434 2437 e
2449 2393 2611 2452 quibus
2624 2397 2666 2436 si
2682 2409 2773 2437 lino

1482 2475 1632 2515 minus
1651 2468 1831 2526 fuerit,
1859 2469 2044 2512 sibilum
2067 2472 2223 2527 pocius
2257 2482 2394 2526 quam
2426 2481 2571 2509 vocem
2607 2467 2776 2509 reddat

1483 2558 1661 2588 necesse
1698 2552 1778 2586 est.
1815 2543 1920 2584 Duo
1955 2541 2081 2584 labia
2106 2542 2226 2583 velut
2261 2539 2496 2592 cymbala,
2547 2538 2775 2581 verborum

1482 2617 1719 2660 commoda
1745 2617 2032 2660 modulantia
2071 2629 2086 2655 :
2121 2615 2298 2672 lingua,
2343 2622 2392 2655 ut
2404 2613 2652 2670 plectrum,
2676 2626 2781 2669 quoe

1483 2692 1746 2732 curvamine
1774 2689 1970 2747 quodam
2000 2688 2196 2729 vocalem
2210 2682 2400 2741 format
2423 2687 2626 2742 spiritum
2641 2697 2655 2736 ;
2676 2699 2780 2741 pa-

1487 2762 1606 2804 latus
1619 2795 1628 2814 ,
1673 2764 1801 2816 cujus
1830 2761 2091 2803 concavitas
2119 2755 2298 2816 profert
2322 2771 2479 2799 sonum
2493 2772 2511 2808 ;
2538 2756 2783 2812 gutturalis

1443 2849 1448 2866 1
1477 2835 1658 2892 fistula,
1691 2848 1795 2891 quoe
1815 2835 1945 2875 tereti
1976 2839 2175 2874 meatum
2206 2829 2466 2888 spiritalem
2493 2828 2677 2886 proebet
2697 2842 2780 2870 ex-

1484 2922 1639 2960 cursu;
1673 2915 1718 2949 et
1740 2905 1907 2964 palmo
1930 2906 2007 2962 qui
2034 2904 2151 2946 velut
2174 2916 2359 2945 aceruus
2383 2897 2526 2956 follis
2558 2909 2778 2958 concepta

1485 2980 1639 3022 reddit
1658 2993 1715 3021 ac
1739 2986 1932 3021 revocat.
1959 2972 2113 3018 Habes
2129 2988 2238 3032 ergo
2254 2989 2409 3017 novem
2432 2973 2673 3016 Musarum
2703 2971 2783 3015 vel

1487 3053 1722 3111 ‚Apollinis
1743 3054 1886 3110 ipsius
1908 3049 2137 3093 redditam
2160 3051 2406 3099 rationem,
2440 3050 2559 3089 sicut
2576 3049 2620 3087 in
2655 3045 2784 3087 libris

1485 3130 1582 3168 suis
1605 3123 1966 3168 Anaximander
1986 3123 2327 3180 Lampsacenus
2353 3129 2401 3162 et
2419 3117 2708 3177 Leoplzantes
2729 3116 2783 3175 (Ἶ)

1487 3197 1875 3256 Heracleopolites
1896 3203 2158 3254 exponunt;
2181 3202 2227 3236 et
2249 3193 2371 3251 quod
2386 3193 2474 3235 alii
2487 3191 2709 3254 firmant&
2737 3199 2785 3231 ut

1489 3267 1961 3327 Pisanderplzysicus‚
1995 3276 2040 3310 et
2058 3267 2340 3309 Euximenes
2363 3262 2421 3326 (i.
2451 3279 2491 3306 e.
2517 3258 2782 3315 Euemerus)

1490 3347 1537 3385 in
1556 3342 1672 3386 libro
1692 3336 2166 3401 Θεολογουμένων.

1563 3434 1581 3453 «
1603 3414 1685 3458 Vel
1700 3410 2099 3457 Anaximandrum
2112 3411 2342 3454 Milesium
2360 3410 2431 3453 vel
2452 3408 2783 3452 Anaximencm

1491 3489 1857 3544 Lampsacenum
1881 3483 2037 3527 dicere
2072 3482 2290 3527 voluerit.
2316 3502 2333 3520 n
2366 3482 2494 3525 Voss.
2530 3495 2577 3538 p.
2606 3475 2682 3521 54.
2712 3477 2783 3520 Ad

1492 3555 1896 3602 Anaximandrum
1921 3552 2255 3613 Xenophontis
2275 3554 2310 3598 l.
2335 3554 2366 3598 l.
2383 3586 2395 3608 ,
2421 3551 2690 3610 mythorum
2714 3550 2784 3591 in—

1494 3637 1773 3689 terpretem,
1806 3627 1949 3672 refert
1979 3626 2187 3670 Lobeck.
2215 3626 2442 3685 Aglaoph.
2462 3639 2510 3682 p.
2549 3621 2652 3678 157.

552 3788 895 3838 HEROOLOG
904 3787 989 3835 IA.

744 3898 784 3937 1.

57 4029 62 4036 ἦ
183 3980 374 4022 Hesiodus
394 3979 495 4020 libro
515 3977 788 4028 Melampodiae
807 3973 982 4016 secundo
1003 3975 1178 4026 σκύπφον
1199 3973 1298 4023 (pro
1319 3971 1417 4011 σκύ·

34 4046 67 4106 (κ’
134 4044 223 4096 pov)
242 4043 340 4084 dicit
359 4072 385 4083 ..
404 4043 591 4084 Similiter
609 4039 900 4082 Anaximander
916 4039 956 4078 in
973 4037 1204 4087 Heroologia
1219 4067 1231 4086 ‚
1249 4036 1318 4075 ubi
1333 4035 1388 4075 ait
1407 4051 1416 4073 :

9 4096 16 4106 ἵ
34 4139 73 4166 1,
137 4122 156 4140 «
179 4107 430 4158 Amphitryo,
450 4105 584 4156 praeda
600 4105 700 4144 Inter
715 4103 843 4144 socios
858 4101 1004 4150 divisa,
1021 4101 1240 4152 scypplium
1267 4100 1416 4149 (pocu-

1493 3766 1599 3816 lum)
1613 3795 1624 3814 ‚
1645 3775 1766 3815 quem
1787 3763 2028 3812 abstulerat,
2045 3762 2119 3802 sibi
2136 3761 2311 3802 retinuit.
2331 3777 2349 3794 υ
2369 3762 2419 3799 Et
2439 3759 2582 3798 iterum
2600 3772 2608 3796 :
2630 3774 2648 3790 «
2667 3760 2782 3805 Scyp-

1494 3831 1614 3880 phum
1630 3829 1812 3870 Teleboae
1830 3827 1900 3867 dat
1923 3828 2131 3878 Neptunus
2146 3826 2228 3865 filio
2249 3836 2320 3864 suo
2335 3855 2346 3873 ‚
2370 3823 2556 3864 Teleboas
2578 3832 2671 3859 voro
2695 3823 2782 3858 Plc-

1493 3897 1623 3944 relao;
1644 3895 1803 3946 quoille
1822 3894 1956 3933 ablato
1971 3924 1982 3942 ,
2003 3903 2146 3932 navem
2165 3892 2297 3931 solvit.
2320 3907 2337 3923 »

2119 3963 2162 4002 2.

1547 4039 1601 4072 De
1619 4032 1743 4072 literis
1755 4043 1778 4070 a
1793 4034 1931 4071 Danao
1959 4030 1998 4068 in
2013 4028 2207 4069 Graeeiam
2225 4025 2353 4065 allatis
2365 4022 2630 4062 assentiuntur
2648 4019 2783 4057 Milesii

1492 4097 1703 4147 scriptores
1723 4093 2023 4141 Anaximander,
2042 4090 2248 4139 Dionysius
2264 4090 2302 4127 et
2324 4087 2541 4127 Hecataeus.

1103 4241 1758 4266 ν-..------ῧο0<>ᾶ”ὑ----·
1786 4250 1796 4254 ·
