3016 4628
273 239 365 283 398

269 345 359 390 Sed
383 343 619 388 videamus
646 340 741 399 jam
767 340 905 384 Plinii
945 338 1124 394 locum,
1149 338 1230 396 qui
1250 336 1403 381 effecit
1434 345 1486 379 ut
1513 336 1559 378 in

269 419 357 462 alia
393 416 551 460 omnia
584 415 719 458 multi
742 413 941 457 abirent.
978 412 1163 455 Etenim
1195 410 1367 454 Plinius
1396 411 1452 452 H.
1499 409 1554 451 N.

269 491 349 548 VI,
371 504 424 532 21
441 522 453 542 ‚
475 496 726 547 postquam
755 500 780 530 e
807 486 1040 545 Diogneto
1065 492 1110 527 et
1139 485 1322 526 Baetone
1347 481 1559 524 attulerat

269 562 483 606 locorum
501 559 749 614 distantias,
770 573 871 617 quae
891 565 997 601 sunt
1014 572 1038 599 a
1061 556 1211 599 Portis
1228 554 1399 612 Caspiis
1411 567 1557 610 usque

268 633 329 678 ad
358 634 588 692 Hypasin,
620 630 874 676 Alexandri
898 630 1116 672 itinerum
1147 627 1395 670 terminum
1413 659 1424 680 ,
1450 638 1558 683 per-

267 707 335 766 git
365 706 427 749 ita
460 721 470 750 :
500 705 695 763 Reliqua
720 702 825 746 inde
848 701 1034 746 Seleuco
1065 700 1275 742 Nicatori
1294 694 1558 756 peragrata

267 788 372 822 sunt
405 795 421 821 .·
462 778 531 821 ad
568 776 806 820 Hesidrum
850 773 1112 817 CLXVIII
1151 771 1286 822 mill„
1316 771 1555 812 Iomanem

269 866 453 894 amnem
487 848 783 893 tantumdem.
816 844 1117 902 Exemplaria
1142 843 1300 900 aliqua
1333 841 1560 896 adjiciunt

267 927 464 983 quinque
499 923 616 966 mill.
646 934 880 980 passuum.
917 917 1036 959 Inde
1066 916 1134 957 acl
1167 915 1373 970 Gangem
1409 912 1561 956 CXII

267 996 384 1041 mill.
404 995 483 1039 Ad
506 990 810 1051 Rhoclapham
838 989 1013 1033 CXIX
1025 989 1142 1032 mill.
1168 987 1267 1029 Alii
1287 985 1557 1029 CCCXXV

268 1069 382 1111 mill.
416 1071 464 1111 in
497 1066 582 1110 hoc
613 1068 764 1124 spatio
789 1062 1001 1121 produnt.
1042 1061 1126 1104 Ad
1157 1060 1436 1118 Calinipaxa
1456 1074 1555 1117 ,Op-

261 1141 422 1199 pidum
444 1139 690 1184 CLXVII.
726 1137 786 1180 D.
819 1135 917 1177 Alii
945 1133 1162 1177 CCLXV
1191 1133 1306 1176 mill.
1335 1131 1455 1173 Inde
1492 1131 1560 1172 ad

269 1212 565 1270 confluentem
605 1211 810 1253 Iomanis
840 1209 988 1249 amnis
1030 1214 1076 1248 et
1119 1205 1296 1264 Gangis
1328 1202 1516 1247 DCXX
1516 1205 1558 1245 V

269 1287 385 1330 mill.
411 1286 627 1342 Plerique
650 1282 873 1337 adjiciunt
895 1280 1038 1321 XIII
1058 1279 1196 1331 mill„
1220 1278 1287 1320 ad
1309 1278 1557 1337 oppidum-

266 1373 355 1416 que
393 1354 662 1400 Palibothra
699 1350 1020 1398 CCCCXXV.
1054 1351 1133 1393 Ad
1171 1354 1334 1394 ostium
1379 1349 1556 1406 Gangis

266 1422 1264 1485 DCXXXVIII(DCCXXXVIIIcorrex.
1279 1418 1552 1480 Schwanb.;

269 1502 302 1548 i.
330 1517 370 1547 e.
408 1501 554 1557 6,ooo
577 1498 720 1542 stadia
736 1531 748 1552 ‚
769 1505 883 1555 quot
916 1495 1229 1554 Megasthenes
1249 1493 1410 1554 ponit)
1439 1495 1552 1538 mill.

299 1590 389 1619 ass,

261 1590 298 1632 Ρ
334 1648 387 1689 111
412 1646 480 1688 his
499 1645 573 1687 illa
594 1642 806 1701 ambigue
831 1639 951 1683 dicta
982 1653 993 1684 z
1020 1640 1214 1697 Reliqua
1243 1638 1434 1682 Seleuco
1465 1639 1553 1684 Ni-

267 1722 410 1762 calori
438 1724 690 1776 peragrata
726 1722 853 1767 sunt,
881 1720 1006 1755 recte
1056 1710 1446 1755 Schwanbeckius
1490 1712 1552 1756 ita

268 1788 564 1849 intelligenda
590 1802 681 1831 esse
707 1794 888 1839 monet,
914 1794 966 1827 ut
990 1783 1170 1828 dativus
1206 1784 1262 1827 sit
1284 1782 1549 1839 commodi„

267 1877 407 1920 quem
425 1861 584 1904 dicunt
600 1894 612 1915 ,
642 1859 841 1916 ideoque
862 1858 1003 1900 verba
1024 1854 1293 1917 significent
1318 1873 1328 1900 :
1354 1872 1445 1916 pro
1471 1858 1554 1902 Se-

266 1936 398 1978 leuco
432 1941 674 1992 peragrata
706 1940 831 1985 sunt,
872 1945 897 1973 a
931 1930 1224 1990 Megasthene
1250 1929 1468 1974 videlicet
1491 1938 1552 1974 et

267 2007 518 2050 Daimacho
559 2014 603 2048 et
645 2002 882 2058 Patrocle,
914 2018 1031 2060 quos
1063 2000 1281 2046 Seleucus
1308 2002 1368 2046 ad
1392 2003 1552 2062 explo-

265 2079 430 2123 randas
458 2079 571 2122 Asiae
607 2077 818 2136 regiones
850 2076 1124 2119 remotiores
1156 2075 1384 2120 emiserat.
1412 2076 1552 2121 Haud

266 2152 522 2194 distinctius
570 2157 634 2193 est
677 2147 806 2207 quod
854 2148 903 2190 in
949 2147 1330 2192 antecedentibus
1375 2149 1550 2194 Plinius

262 2223 414 2269 habet.
451 2219 696 2278 Patefacta
729 2219 920 2281 (India)
954 2229 1041 2274 est,
1075 2220 1249 2278 inquit,
1289 2237 1381 2266 non
1417 2224 1551 2267 modo

262 2296 523 2340 Alexandri
542 2296 715 2354 Il‘Iagni
745 2297 918 2349 armis,
939 2308 1187 2351 regumque
1206 2297 1288 2351 qui
1305 2297 1349 2338 ei
1376 2309 1548 2338 succes·

260 2384 374 2425 sere,
396 2371 696 2411 circumvectis
715 2370 853 2409 etiam
879 2370 925 2408 in
942 2366 1223 2423 Hyrcanium
1242 2381 1369 2409 mate
1390 2377 1437 2410 et
1455 2368 1548 2411 Ca

260 2446 407 2500 spium
424 2442 610 2485 Seleuco
633 2450 677 2484 et
690 2439 942 2494 Antiocho,
964 2436 1277 2498 praefectoque
1292 2440 1453 2483 classis*
1474 2456 1551 2484 eo-

262 2530 360 2556 rum
397 2515 608 2558 Patrocle
641 2526 656 2555 .·
683 2528 842 2556 verum
871 2521 918 2555 et
940 2512 1051 2554 aliis
1080 2512 1338 2555 auctoribus
1377 2513 1552 2557 Graecis

262 2591 340 2644 qui
360 2602 457 2629 cum
475 2586 654 2645 regibus
668 2586 846 2628 Indicis
870 2587 1034 2628 morati
1061 2581 1210 2644 (sicut
1222 2585 1551 2645 Megasthenes

263 2669 310 2702 et
330 2661 575 2717 Dionysius
602 2675 632 2702 a
666 2657 980 2718 Philadelpho
1012 2662 1174 2701 missus
1191 2673 1251 2701 ex
1278 2674 1335 2702 ea
1355 2662 1547 2725 caussa)

263 2737 384 2777 vires
405 2748 576 2792 quoque
596 2736 800 2790 gentium
818 2731 1086 2790 prodidere.
1121 2733 1226 2789 Quo
1262 2732 1370 2776 loco
1407 2734 1549 2780 verba

263 2808 566 2847 circumvectis
585 2808 780 2848 etiam...
818 2804 1006 2848 Seleuco
1043 2813 1093 2848 et
1124 2803 1350 2849 Antiocho
1383 2816 1430 2849 et
1451 2808 1549 2851 Pa-

267 2878 414 2930 trocle,
442 2875 826 2921 Schwanbeckius
855 2887 979 2922 recte
1011 2877 1124 2921 dicit
1157 2878 1275 2921 nihil
1309 2879 1436 2923 aliud
1457 2895 1550 2924 esse

265 2949 349 2991 nisi
377 2947 773 2993 confirmationem
807 2958 852 2994 et
877 2952 1255 3010 explicationem,
1303 2953 1548 3011 quomodo

267 3021 423 3077 India,
445 3025 587 3064 armis
623 3036 813 3081 regum,
844 3023 924 3081 qui
960 3023 1230 3068 Alexandno
1260 3039 1543 3087 successere,

267 3093 493 3150 patefacta
515 3095 586 3139 sit.
915 3137 926 3146 ,

331 3166 400 3207 De
423 3165 712 3223 Megasthene
747 3182 848 3225 quae
888 3168 1135 3213 tiaduntur
1168 3184 1405 3229 perpauca
1445 3180 1551 3216 sunt

267 3236 452 3280 haecce:
480 3234 755 3295 Μεγασθένης
783 3239 804 3283 ὃ
829 3237 1090 3303 συγγραφευς
1113 3243 1134 3287 ὁ
1157 3239 1357 3306 Σελεύκῳ
1378 3261 1438 3305 τῳ
1465 3244 1548 3291 Νι·-

269 3305 418 3370 κάτορι
442 3305 771 3366 συμὸεὸιωκώς,
792 3312 932 3359 Clem.
956 3315 1087 3358 Alex.
1116 3331 1160 3374 p.
1191 3314 1279 3359 132
1303 3317 1429 3375 Sylb.
1466 3315 1547 3380 (fr.

272 3376 371 3437 36).
395 3403 462 3414 —-
482 3379 595 3439 Μεγ.
622 3378 663 3432 ὃς
683 3379 804 3438 ξυνῆν
829 3380 903 3442 μὲν
933 3383 1149 3448 Σιὸυρτίῳ
1168 3405 1229 3450 τῳ
1255 3386 1457 3450 σατράπη
1475 3407 1550 3445 της

268 3446 553 3513 Ἀραχωσίας,
571 3451 773 3506 πολλάκις
798 3453 839 3500 δὲ
857 3453 971 3518 λέγει
997 3455 1340 3522 ἀφικέσθαιπρὸς
1358 3460 1547 3524 Σανδρά

268 3539 415 3568 κοττον
430 3523 514 3567 τῶν
536 3520 679 3570 Ἰνδῶν
706 3524 898 3586 βασιλέα,
921 3531 1104 3578 Arrian.
1130 3533 1250 3591 Exp.
1275 3533 1349 3580 Al.
1372 3535 1424 3589 V,
1450 3534 1478 3579 6
1485 3550 1547 3594 ,.2

272 3594 345 3655 (fr.
372 3595 437 3654 2).
462 3621 524 3630 -
572 3595 686 3656 Πρὸς
713 3597 1028 3661 Σανδράκοττον
1058 3601 1162 3665 πρὸς
1187 3601 1231 3649 ὃν
1252 3608 1355 3660 ἡκεν
1380 3607 1402 3651 ὁ
1430 3607 1543 3669 Μεγ.

268 3664 492 3730 πεμφθείς,
522 3669 686 3713 snabo
709 3671 810 3727 XV,
834 3688 883 3730 p.
914 3689 1003 3729 702
1046 3674 1126 3733 (fr.
1154 3673 1259 3736 01.).
1292 3704 1357 3711 -
1377 3674 1549 3739 Ἐπέμ-

269 3742 435 3801 φθησαν
466 3740 523 3791 εἷς
557 3738 611 3786 τὰ
646 3740 931 3807 Παλίμὸοθρα
960 3746 982 3790 ὁ
1016 3743 1091 3806 μὲν
1128 3747 1407 3812 Μεγασθένης
1448 3749 1550 3816 πρὸς

269 3808 582 3874 Ἀνδρόκοττον,
619 3813 641 3857 ὁ
667 3810 710 3858 δὲ
735 3811 957 3877 Δηίμαχος
991 3816 1093 3880 πρὸς
1122 3818 1456 3885 Ἀλλιτροχάδην
1481 3821 1550 3870 τὸν

269 3881 428 3929 ἐκείνου
455 3881 542 3929 υἱὸν
568 3882 679 3930 κατὰ
697 3902 776 3948 πρε
759 3884 950 3932 εσὸείαν·
973 3889 1260 3950 ὑπομνήματα
1281 3892 1324 3939 δὲ
1351 3914 1426 3951 της
1443 3896 1549 3942 ἀπο-

270 3952 428 4014 δημίας
457 3952 704 4012 κατέλιπον,
742 3958 910 4003 Strabo
938 3961 1002 4015 ΙΙ,
1044 3977 1092 4020 p.
1133 3979 1193 4019 70
1233 3963 1311 4023 (fr.
1340 3966 1552 4025 25).—

271 4026 385 4087 Μεγ.
416 4024 691 4089 συγγενέσθαι
714 4028 1019 4094 Σανδρακόττα
1046 4030 1236 4097 λέγειτῶ
1258 4035 1446 4102 μεγίστῳ
1473 4042 1549 4102 βα-

271 4098 723 4163 σιλεῒ(ιηαε]ιᾶια]ιι,·
744 4117 789 4147 v.
810 4103 1001 4149 Bohlen.
1025 4106 1187 4150 Inclien
1234 4107 1271 4164 Ι,
1292 4125 1342 4167 p.
1359 4112 1551 4171 19)·τῶν

272 4164 432 4231 Ἰνοων,
447 4170 716 4236 καιΙΙωρω
695 4191 755 4220 ετι
771 4190 919 4220 τουτου
941 4172 1422 4234 αεζονι,Α1·111111111(1
1443 4200 1481 4229 c.
1508 4182 1551 4230 5.

1352 224 1651 274 MEGASTH
1662 224 1739 271 EN
1747 221 1828 270 ES.

1641 334 1717 395 (fr.
1749 333 1850 392 19).
1879 333 2014 377 Adde
2027 333 2184 376 locum
2208 333 2493 392 Pliniisupra
2514 328 2768 399 laudatum,
2789 352 2881 397 que
2910 323 2947 380 1ἷῖ

1636 408 1699 452 ita
1735 406 1943 451 reddidit
1977 403 2162 449 Solinus
2193 405 2356 464 Polyh.
2380 422 2420 452 c.
2456 406 2518 452 60
2555 422 2566 453 τ
2601 367 2950 473 ΜεὲαετΙιεηῙ

1631 495 1746 523 sane
1762 479 1892 538 apud
1917 479 2098 521 Indicos
2119 493 2250 536 reges
2266 479 2606 540 aliquantisper
2632 497 2860 527 commora
2873 503 2913 518 -

1632 567 1704 596 res
1722 552 1912 595 Indicas
1929 553 2119 609 scripsit,
2144 559 2195 593 ut
2201 550 2351 611 fidem
2364 567 2503 610 quam
2517 555 2663 597 oculis
2675 555 2850 612 subjec
2890 578 2913 593 1·
2892 547 2946 633 ’

1635 626 1868 668 memoria.²
1887 623 2103 667 traderet.
2173 623 2422 680 Dionysius
2443 640 2632 684 quoque,
2668 631 2748 687 qui
2765 637 2812 671 et
2834 631 2876 672 i
2922 614 2923 618 Ἰ
2902 632 2950 711 1

1633 712 1663 739 a
1686 694 1999 754 Philadelpho
2032 710 2142 753 rege
2162 705 2391 755 spectator
2408 701 2567 742 missus
2588 709 2656 743 est
2669 703 2826 760 gratia
2840 714 2947 762 pe

1631 769 1894 813 riclitandoe
1915 771 2126 820 veritatis,
2143 772 2288 828 paria
2298 770 2530 828 prodidit.

1699 842 1768 883 Ex
1786 840 1857 883 his
1875 839 2019 898 igitur
2039 840 2300 900 colligimus
2315 843 2659 901 Megasthenem
2677 842 2717 904 (²⁴
2719 831 2946 906 )Seleu'3'f³‘

1631 911 1892 955 ministrum
1923 910 2052 969 apud
2076 910 2396 972 Ξίὺγηίιιῐηζ*
2398 909 2464 974 '‘,)
2495 915 2756 959 Arachosiae
2782 916 2946 970 satra

1630 998 1762 1041 pam,
1790 991 2047 1039 versatum,
2073 993 2212 1042 atque
2234 984 2345 1028 hinc
2365 985 2567 1046 legatum
2589 988 2712 1048 regis
2732 987 2792 1033 ad
2811 989 2895 1034 Sa

1632 1056 1904 1100 drocottum
1938 1056 2257 1101 Palimbothra
2290 1058 2478 1101 missum
2513 1074 2628 1116 esse,
2661 1059 2807 1120 idque
2831 1070 2902 1107 no'

1630 1130 1798 1188 semel,
1828 1128 1911 1173 sed
1929 1129 2122 1189 saepius,
2145 1130 2239 1174 sive
2255 1139 2309 1174 ut
2330 1130 2457 1175 dona
2479 1132 2659 1177 Seleuci
2678 1132 2864 1193 perfert*

1630 1202 1724 1245 sive
1763 1202 1861 1245 aliis
1893 1201 1952 1245 de
1987 1202 2134 1245 causis
2168 1202 2423 1261 quibusvis.
2460 1206 2530 1249 Ex
2554 1206 2741 1250 Arriani
2775 1221 2881 1252 ver

1630 1275 1945 1354 Megasthenes
1988 1274 2128 1318 etiam
2161 1275 2339 1319 Porum
2377 1291 2536 1337 legem
2582 1277 2794 1335 adiisset,
2881 1229 2947 1349 1:¹⁴⁴

1629 1356 1843 1390 mortuus
1866 1345 1960 1404 jam
1986 1356 2053 1390 est
2087 1347 2161 1393 Ol.
2205 1346 2293 1392 115
2301 1353 2367 1404 ,4
2402 1348 2492 1406 317
2534 1365 2577 1394 a.
2609 1350 2660 1395 C.
2699 1337 2946 1432 (Βίοᾶοᾶέγ

1629 1420 1764 1480 XIX,
1794 1415 1893 1482 14).
1918 1421 2031 1464 Haec
2047 1420 2190 1480 igitur
2208 1436 2308 1464 non
2325 1422 2617 1481 pertinerent
2634 1422 2695 1467 ad
2716 1428 2900 1484 tempo
2944 1423 2945 1427 ’

1629 1493 1808 1536 Seleuci
1840 1493 1976 1552 regis.
2001 1494 2156 1538 Facile
2179 1493 2241 1538 ad
2263 1509 2462 1554 regnum
2487 1495 2741 1541 Alexandri
2763 1495 2852 1542 ref
2899 1489 2928 1527 f

1627 1573 1832 1624 possent.
1853 1565 2005 1624 quue
2031 1567 2236 1611 statuisse
2254 1567 2442 1611 videtur
2459 1568 2710 1619 Bohlenius
2733 1557 2939 1631 (Indica

1629 1638 1670 1694 Ι,
1697 1653 1747 1696 p.
1779 1634 1885 1699 68),
1914 1654 2062 1696 quum
2077 1639 2422 1699 Megasthenem
2440 1655 2498 1684 ex
2514 1641 2768 1686 Alexandri
2784 1643 2929 1687 comi-

1629 1710 1750 1754 tibus
1774 1709 1911 1754 fuisse
1942 1710 2072 1755 dicit.
2108 1714 2170 1756 At
2206 1727 2350 1756 nexus
2383 1714 2713 1758 sententiarum
2747 1714 2798 1759 id
2830 1727 2932 1761 non

1628 1782 1848 1826 admittit.
1919 1784 2038 1828 Nam
2075 1783 2189 1828 dicit
2230 1786 2453 1830 Arrianus
2492 1801 2503 1829 ε
2547 1805 2566 1825 «
2613 1788 2933 1848 Megasthenes

1626 1854 1754 1900 haud
1778 1857 1974 1901 multum
1999 1855 2144 1902 Indiae
2166 1843 2333 1903 vidisse
2360 1859 2473 1902 mihi
2498 1858 2701 1915 videtur,
2726 1861 2833 1921 plus
2855 1869 2928 1909 ἴεν·-

1627 1944 1737 1972 men
1779 1929 1899 1973 vidit
1931 1945 2071 1989 quam
2106 1930 2300 1976 comites
2333 1930 2613 1987 Alexandri3
2649 1929 2933 2020 συγγενέσθα-’,ςἶ

1627 1997 1710 2091 γὰρ
1735 2000 2053 2066 Σανδρακόττῳ
2069 2000 2134 2046 λέ
2100 2019 2186 2062 γει
2205 2001 2267 2065 τῷ
2281 1999 2472 2070 μεγίστω
2497 2003 2667 2064 βασιλεῖ
2682 2005 2768 2050 τῶν
2779 1995 2918 2066 Ἰνδῶ

1627 2072 1701 2119 και
1719 2071 1899 2139 Πώρῳέ
1876 2073 2161 2135 ετιτούτουμε
2142 2073 2268 2128 έζονι.
2284 2076 2627 2136 Diceresigitur
2639 2092 2747 2122 eum
2761 2074 2934 2139 postea

1625 2147 1782 2191 nescio
1811 2163 1903 2206 qua
1938 2148 2181 2193 occasione
2215 2147 2277 2192 ad
2296 2149 2472 2192 Porum
2504 2150 2592 2193 iter
2628 2149 2811 2213 fecisse,
2826 2150 2900 2196 ni
2869 2129 2945 2189 ''5⁴⁵-

1626 2219 1784 2280 inepta
1804 2220 2067 2265 verborum
2095 2221 2324 2265 sententia
2347 2231 2623 2282 corruptum
2645 2224 2804 2283 potius
2837 2244 2887 2264 r:
2904 2236 2937 2279 :2⁴

1626 2292 1783 2336 locum
1803 2293 2034 2338 suaderet.
2062 2295 2301 2339 Lassenius
2321 2292 2414 2354 (De
2429 2305 2620 2356 pentap.
2642 2312 2691 2357 p.
2717 2294 2791 2362 44)
2814 2298 2871 2343 P
2877 2254 2946 2372 ,ἐξ

1625 2367 1911 2410 mentionem
1929 2370 2104 2411 temere
2122 2367 2179 2411 ab
2201 2367 2358 2426 aliquo
2379 2366 2588 2412 additam
2610 2383 2704 2414 esse
2718 2369 2841 2453 suspi
2856 2356 2949 2486 {a

1626 2447 1716 2484 tur.
1732 2439 1931 2484 Praefero
1948 2439 2300 2484 SchWanbeckii
2314 2441 2605 2498 sententiam,
2623 2441 2706 2500 qui
2719 2443 2832 2487 scri
2878 2436 2912 2471 Ἠ
2946 2447 2951 2490 1

1626 2511 1739 2555 dum
1773 2527 1867 2557 esse
1892 2522 2085 2559 censet:
2107 2509 2182 2557 καὶ
2201 2508 2406 2576 Πώρου”
2381 2529 2445 2558 ετι
2475 2510 2613 2576 τούτῳ
2639 2512 2798 2574 μέζονι.
2843 2504 2952 2588 '²in

1625 2584 1819 2629 admissa
1843 2585 2196 2642 emendatione,
2223 2586 2400 2645 optime
2430 2587 2587 2630 omnia
2608 2574 2946 2646 procedunt-'⁵'
2911 2615 2941 2654 5

1690 2653 1891 2717 Tempus
1926 2673 2020 2716 quo
2045 2659 2328 2719 legationem
2360 2659 2435 2703 vel
2453 2659 2705 2719 legationes
2724 2659 2929 2723 obierit¹

1625 2737 1671 2773 et
1688 2730 1941 2788 quamdiu
1928 2747 1978 2774 m
1989 2731 2123 2774 India
2146 2730 2348 2791 degerit,
2364 2731 2533 2775 certius
2548 2729 2733 2775 definiri
2746 2730 2923 2791 nequit,

1625 2802 1876 2846 Probabile
1892 2818 2006 2847 vero
2026 2812 2092 2847 est
2114 2812 2214 2847 tum
2228 2803 2418 2848 demum
2435 2804 2622 2847 missum
2638 2817 2755 2860 esse,
2780 2792 2925 2865 quum

1625 2873 1775 2921 foedus
1799 2883 1845 2918 et
1879 2876 2128 2919 amicitiam
2156 2876 2279 2919 inter
2301 2890 2348 2919 se
2378 2889 2508 2935 reges
2525 2873 2795 2932 junxerant.
2821 2875 2925 2919 Ita-

1627 2961 1718 3006 que
1754 2962 1899 3005 quum
1934 2947 2299 3003 Sandrocottum
2337 2962 2485 3006 usque
2520 2945 2581 2991 ad
2614 2961 2791 2992 annum
2830 2944 2935 3002 288,

1623 3033 1835 3078 regnasse
1856 3018 2088 3076 ieferant,
2123 3019 2439 3080 Megasthenes
2469 3019 2788 3064 Palimbothra
2808 3034 2926 3080 pros·

1625 3089 1770 3134 fectus
1788 3089 1912 3134 foret
1935 3091 2058 3155 inter
2079 3107 2187 3136 ann.
2220 3090 2455 3136 302-288.
2481 3091 2724 3140 Clintonus
2749 3089 2824 3153 (F.
2858 3082 2921 3146 R.

1626 3163 1722 3220 ΙΙΙ,
1751 3178 1801 3222 p.
1842 3162 1964 3225 482)
1992 3165 2152 3224 paullo
2188 3173 2294 3209 ante
2314 3179 2493 3218 annum
2521 3163 2614 3208 302
2655 3162 2716 3209 ad
2755 3153 2923 3215 Indfflm

1626 3250 1785 3295 regem
1807 3237 1983 3280 venisse
2001 3245 2151 3296 putat.
2222 3237 2404 3295 Quam
2391 3252 2442 3280 111
2468 3237 2745 3281 sententiam
2766 3235 2923 3285 nescio

1679 3385 1730 3436 (**)
1758 3386 2051 3435 megasthenem
2075 3389 2237 3427 Persam
2257 3395 2398 3436 genere
2423 3385 2544 3426 fuisse
2564 3384 2660 3425 dicit
2682 3384 2845 3427 Bohlen.
2862 3378 2908 3438 D

1625 3444 1714 3483 alte
1742 3445 1895 3484 Indien
1927 3447 1971 3493 1,
2007 3456 2046 3495 p.
2087 3448 2152 3485 68.
2186 3445 2231 3485 Id
2261 3455 2380 3484 nemo
2410 3443 2532 3484 tradit
2568 3445 2714 3494 praeter
2753 3446 2801 3484 A

1626 3506 1660 3542 V
1664 3500 1942 3553 iterbiensem,
1963 3503 2166 3543 falsarium
2185 3503 2330 3552 istum,
2352 3513 2472 3553 quem
2498 3501 2712 3542 Bohlenius
2733 3500 2903 3552 501111*

1625 3572 1709 3601 0550
1737 3561 1912 3601 videtur.
1955 3563 2110 3602 Nomen
2143 3572 2318 3613 groecum
2347 3571 2433 3601 0550
2459 3561 2583 3611 patet.
2629 3559 2823 3611 Megasu

1626 3618 1826 3668 quendam
1850 3619 2150 3659 Chalcidensem
2172 3619 2242 3670 qui
2261 3629 2355 3658 cum
2380 3617 2573 3669 Hippoele
2595 3618 2733 3657 Cum
2823 3640 2839 3648 v·

1624 3676 1665 3714 in
1681 3677 1795 3715 ltalia
1822 3675 2043 3716 condidisse
2064 3677 2212 3727 fertur,
2231 3677 2428 3716 memorat
2454 3674 2598 3729 Strabo
2621 3675 2670 3724 V,
2694 3685 2734 3728 p.
2751 3668 2880 3715 2⁷4³.

1625 3733 1800 3784 Velleius
1824 3736 1978 3774 Patere.
1998 3737 2038 3784 1,
2068 3737 2109 3774 4.
2825 3732 2883 3766 Ἦ

1678 3791 1749 3843 (**)
1783 3792 1980 3842 Sibyrtius
2009 3791 2233 3832 Arachosioe
2262 3748 2474 3840 satrapum
2502 3789 2732 3831 obtinuerat
2760 3788 2875 3840 Olym

1629 3853 1726 3900 114,
1760 3856 1795 3891 2.
1828 3854 1928 3898 323,
1952 3852 2053 3891 10510
2076 3849 2249 3890 Diodoro
2274 3851 2430 3897 xvlll,
2456 3853 2495 3898 3,
2517 3853 2564 3896 3;
2584 3847 2627 3889 in
2654 3847 2826 3898 satrapiis

1626 3909 1884 3948 confirmatus
1901 3908 1951 3948 ab
1968 3908 2176 3959 Antipatro
2193 3906 2373 3956 (Ari-ian.
2395 3909 2454 3946 De
2477 3907 2657 3945 success.
2679 3904 2790 3945 Alex.
2814 3901 2841 3963 9

1626 3967 1688 4007 ed.
1707 3966 1871 4015 Didot.)
1894 3966 2060 4006 Eumeni
2088 3976 2132 4005 50
2151 3964 2331 4015 adjungit
2349 3964 2482 4015 (316),
2505 3961 2620 4004 Diod.
2645 3964 2760 4010 XIX,
2785 3964 2853 4010 14,

1625 4036 1650 4064 a
1676 4036 1756 4075 quo
1782 4025 1823 4064 in
1854 4024 2050 4074 iudicium
2066 4019 2232 4063 vocatus
2253 4022 2345 4073 fuga
2363 4020 2692 4071 salutemquoerit
2712 4018 2796 4070 (ld.
2851 4054 2853 4062 ι

1629 4088 1691 4132 23,
1715 4082 1776 4132 4).
1800 4084 1892 4122 Post
1921 4081 2075 4122 cladem
2099 4080 2285 4121 Eumenis
2314 4079 2534 4130 Antigonus
2555 4078 2591 4118 ei
2621 4075 2843 4129 Argyraspi

1628 4139 1990 4179 turbulentissimos
2019 4137 2297 4187 tradit(1d.c.
2327 4140 2403 4187 48,
2423 4137 2487 4187 3).
2513 4136 2654 4176 Postea
2683 4144 2727 4175 se
2755 4132 2840 4174 Sol·-

1629 4196 1854 4246 adjunxisse
1875 4196 2006 4236 debet.
2870 4218 2874 4219 ν
