3016 4628
220 282 312 322 456

219 471 267 514 p.
294 455 384 499 262
402 470 504 515 sqq.
521 455 534 517 )
554 457 611 500 cle
628 471 710 500 usu
729 461 807 516 qui
821 458 1090 515 Hieronymi
1104 457 1397 504 historiarum
1404 458 1520 517 fue-

217 532 280 570 rit
298 528 427 587 apud
430 532 696 588 posterioris
705 533 792 573 oevi
801 534 1050 590 scriptores.

293 619 313 639 «
346 601 731 660 Fragmentorum
746 603 1019 662 Hieronymi
1040 618 1184 662 quum
1200 611 1323 647 tanta
1342 604 1398 647 sit
1414 604 1513 647 exi-

222 673 326 717 litas
341 706 354 727 ,
392 687 546 732 operae
583 675 788 733 pretium
821 683 888 718 est
940 674 1204 735 diligentius
1242 675 1480 732 inquirere
1499 708 1512 730 ,

223 759 337 787 num
353 743 474 788 forte
510 746 699 805 vestigia
719 746 931 805 quaedam
964 745 1061 803 ejus
1083 745 1372 804 deprehendi
1403 761 1510 804 pos·

221 816 311 859 sint
334 815 460 874 apud
483 831 562 860 eos
576 817 848 876 scriptores,
876 818 957 875 qui
977 816 1035 860 de
1055 816 1195 860 rebus
1213 815 1270 859 ab
1296 816 1398 873 ipso
1418 824 1514 859 tra-

224 887 332 931 ditis
342 897 448 946 post
469 903 574 932 eum
591 897 903 948 exposuerunt
919 922 931 944 ‚
958 889 1082 947 apud
1105 888 1368 932 Diodorum
1384 920 1395 942 ,
1426 889 1521 930 Ju-

221 961 424 1016 stinum,
464 962 718 1020 Nepotem,
758 962 1056 1004 Plutarchum
1099 968 1144 1003 et
1186 960 1235 1002 in
1278 959 1515 1016 Excerptis
1563 969 1566 986 ²

224 1034 410 1076 Arriani
429 1035 499 1077 De
531 1033 671 1078 rebus
706 1042 811 1092 post
858 1031 1177 1076 Alexandrum
1217 1031 1351 1090 gestis
1387 1029 1514 1088 apud

221 1104 458 1152 Photium.
477 1108 517 1149 A
533 1107 558 1149 J
564 1107 712 1149 ustino
730 1139 742 1162 ,
764 1107 968 1163 Nepote,
995 1106 1044 1147 in
1067 1104 1306 1161 Excerptis
1329 1103 1514 1146 Arriani

222 1177 535 1236 Hieronymus
557 1179 684 1221 nullo
701 1179 806 1221 loco
832 1185 1136 1235 memoratur,
1162 1190 1187 1219 a
1221 1174 1437 1219 Diodoro
1470 1184 1516 1218 et

222 1263 247 1292 a
266 1249 514 1293 Plutarcho
528 1283 539 1305 ,
567 1250 625 1293 ab
652 1251 741 1293 hoc
762 1251 810 1292 in
828 1249 942 1293 Vitis
961 1248 1176 1291 Eumenis
1201 1255 1246 1290 et
1261 1247 1511 1302 Demetrii,

221 1330 506 1366 memoratur
524 1322 729 1380 quidem,
748 1321 827 1365 sed
843 1336 940 1363 non
956 1320 1033 1375 ita,
1052 1328 1104 1362 ut
1125 1319 1285 1362 hausta
1302 1318 1515 1377 quaedam

221 1406 278 1436 ex
321 1407 378 1436 eo
404 1408 496 1437 esse
535 1392 788 1437 tradantur.
824 1392 1017 1440 Nonnisi
1052 1392 1101 1433 in
1129 1390 1310 1449 Pyrrho
1345 1389 1514 1434 diserte

223 1464 434 1522 quaedam
457 1480 512 1509 ex
532 1481 587 1509 eo
604 1464 884 1509 referuntur.
908 1464 1138 1520 Quocirca
1157 1463 1193 1506 si
1215 1463 1352 1521 plura
1375 1463 1515 1506 exsti-

223 1537 381 1580 tissent
394 1572 406 1592 ,
429 1539 509 1596 qui
536 1537 729 1581 eandem
747 1552 853 1580 cum
877 1536 1166 1594 Hieronymo
1186 1535 1390 1579 historiae
1405 1550 1513 1593 par-

222 1617 315 1653 tem
349 1609 511 1654 eadem
544 1609 660 1665 fide,
706 1610 841 1670 copia
878 1617 924 1652 et
946 1608 1140 1651 consilio
1171 1608 1511 1663 tractavissent,

222 1690 316 1725 tam
340 1681 482 1726 dubia
500 1691 671 1737 essent,
700 1698 800 1740 quae
826 1681 1051 1741 disputari
1072 1680 1130 1724 de
1146 1681 1216 1724 his
1234 1679 1374 1725 rebus
1402 1695 1514 1740 pos-

220 1762 341 1807 sent,
397 1762 448 1797 ut
492 1755 541 1799 in
573 1754 778 1798 medium
814 1769 866 1798 ea
905 1752 1119 1812 proferre
1155 1753 1234 1796 vix
1271 1751 1509 1797 auderem.

221 1826 427 1870 Primum
454 1836 607 1871 autem
627 1835 672 1870 et
688 1827 984 1885 paucissimos
1017 1825 1152 1869 fuisse
1175 1825 1510 1885 intelleximus,

222 1898 303 1955 qui
321 1913 507 1943 omnem
530 1899 659 1942 istam
678 1897 1057 1957 Diadochorum,
1098 1897 1180 1955 qui
1218 1897 1510 1954 dicebantur,

221 1970 460 2014 historiam
494 1971 930 2029 complecterentur,
971 1983 1126 2027 neque
1161 1984 1240 2014 eos
1263 1970 1514 2029 scriptores

222 2043 304 2099 qui
332 2044 619 2102 Hieronymo
637 2043 864 2087 Cardiano
886 2042 943 2086 ab
966 2042 1062 2086 ulla
1082 2051 1216 2100 parte
1233 2042 1513 2100 praeferendi

220 2128 313 2157 esse
345 2114 634 2175 viderentur,
665 2114 834 2158 deinde
872 2130 973 2173 quae
1007 2114 1153 2158 modo
1181 2114 1514 2175 disputavimus

222 2186 280 2230 de
303 2187 483 2230 ratione
521 2188 640 2248 ejus,
683 2188 804 2231 viam
829 2196 953 2231 certe
976 2195 1261 2243 monstrant,
1301 2203 1395 2247 qua
1426 2203 1512 2232 ve·-

219 2260 351 2318 stigia
373 2259 583 2318 quaedam
603 2260 699 2317 ejus
717 2260 989 2304 indicemus.
1017 2260 1260 2319 Copiosius
1272 2261 1414 2320 igitur
1432 2262 1514 2319 qui

221 2346 292 2374 res
307 2332 410 2375 istas
433 2332 740 2388 illustrarunt,
762 2333 1010 2377 recurrisse
1031 2333 1119 2377 hac
1147 2334 1246 2392 ipsa
1280 2332 1339 2377 de
1360 2348 1514 2378 caussa

221 2403 280 2447 ad
298 2403 509 2448 historias
536 2406 811 2464 Hieronymi
834 2404 1056 2449 censendi
1086 2415 1217 2462 sunt,
1244 2421 1331 2450 nec
1354 2420 1508 2460 secus,

220 2476 298 2533 qui
336 2478 409 2520 vel
439 2478 652 2523 Eumenis
676 2478 984 2522 cummaxime
1018 2478 1178 2522 laudes
1208 2479 1545 2544 extollerent„

221 2549 292 2591 vel
306 2550 551 2609 Antigoni,
579 2551 660 2609 qui
691 2551 912 2595 celebrati
935 2565 1032 2610 prae
1057 2551 1219 2595 ceteris
1253 2550 1312 2594 ab
1342 2552 1513 2595 Hiero-

219 2636 358 2679 uymo
376 2622 507 2666 fuisse
528 2622 762 2669 dicuntur.

294 2713 313 2730 «
340 2694 408 2737 Ex
432 2695 483 2737 iis
501 2703 652 2739 autem
675 2697 711 2739 si
733 2696 938 2755 primum
964 2696 1287 2740 examinantur
1311 2710 1387 2750 ea,
1412 2711 1514 2754 quae

225 2764 283 2808 de
302 2765 505 2811 Eumene
531 2768 697 2812 tradita
723 2777 922 2825 exstant,
949 2768 1242 2822 Diodorum,
1265 2768 1511 2826 Nepotem,

224 2837 545 2894 Plutarchum,
569 2842 815 2884 Arrianum
839 2851 930 2886 tam
952 2842 1162 2901 apposite
1179 2842 1433 2884 narravisse
1446 2840 1514 2884 0ad

224 2909 348 2952 illam
365 2911 634 2971 Hieronymi
651 2916 877 2958 ratione-m
905 2914 1175 2975 apparebit,
1196 2922 1250 2957 ut
1269 2922 1347 2957 aut
1369 2915 1515 2958 multa

225 2981 520 3040 desumpsisse
544 3000 598 3028 ex
617 3000 698 3041 e0,
726 2996 803 3030 aut
823 2989 907 3031 toti
926 2988 1021 3032 fere
1056 2985 1332 3046 ,pependisse
1366 2986 1425 3030 ab
1458 3001 1514 3031 eo

227 3052 485 3110 videantur,
521 3057 747 3101 Justinum
786 3069 944 3104 contra
973 3061 1086 3104 alios
1121 3059 1400 3118 plerumque
1439 3074 1528 3103 au-

226 3134 376 3170 ctores
397 3136 602 3171 secutum
620 3144 725 3175 esse.
741 3132 970 3190 Nepotem
987 3133 1111 3176 enim
1136 3129 1367 3175 affirmare
1391 3141 1515 3178 certe

228 3199 333 3242 licet
352 3214 436 3242 nec
461 3199 712 3245 abhorrere
747 3203 803 3246 ab
834 3205 1012 3252 ratione
1046 3203 1347 3262 Hieronymi,
1385 3209 1431 3246 et
1467 3203 1517 3245 in

228 3271 439 3329 plurimis
470 3287 575 3316 cum
613 3274 825 3318 Diodoro
867 3285 912 3319 et
948 3276 1213 3327 Plutarcho·
1235 3275 1512 3320 consentire.

231 3342 498 3386 Plutarchus
518 3359 622 3387 sane
645 3346 785 3389 habet
809 3363 908 3405 quae
942 3349 1111 3392 rationi
1134 3348 1206 3392 isti
1225 3348 1378 3392 minus
1401 3363 1515 3391 con·

228 3415 442 3468 veniant,
469 3423 605 3472 atque
647 3424 690 3458 et
720 3418 945 3461 Duridem
982 3420 1186 3465 laudavit
1227 3421 1278 3463 in
1301 3420 1517 3471 Eumenis

227 3488 318 3530 vita
332 3520 345 3542 ‚
370 3495 415 3530 et
430 3487 541 3529 alios
560 3487 745 3532 fortasse
766 3491 901 3533 ctiam
918 3501 1128 3536 auctores
1139 3488 1394 3551 usurpavit,
1419 3507 1517 3535 non

229 3560 289 3602 ita
322 3568 475 3602 tamen
503 3558 587 3602 hos
610 3568 788 3604 secutus
813 3571 904 3615 est,
941 3565 1055 3621 quin
1088 3566 1378 3623 Hieronymo
1411 3565 1516 3623 plus

230 3630 440 3675 tribuisse
474 3629 703 3676 videatur.
753 3634 892 3690 Apud
914 3635 1177 3680 Diodorum
1205 3637 1403 3695 reperiri
1433 3651 1516 3680 ve-

228 3703 359 3763 stigia
389 3703 685 3761 Hieronymi,
716 3712 814 3748 tum
839 3721 863 3748 c
888 3709 1020 3765 eopia
1053 3710 1324 3768 intelligitur
1355 3717 1400 3753 et
1435 3725 1514 3753 co·

229 3775 330 3820 lore
354 3776 646 3834 narrationis,
667 3784 764 3819 tum
788 3791 813 3819 e
830 3793 1051 3823 consensu
1075 3782 1155 3839 qui
1177 3783 1454 3840 plerumque
1474 3783 1515 3826 ei

231 3863 337 3892 rum
361 3848 607 3892 Plutarcho
633 3857 711 3893 est.
742 3849 886 3892 Simili
914 3860 1064 3894 autem
1099 3853 1241 3896 modo
1273 3854 1398 3913 apud
1422 3858 1515 3898 Ar-

232 3922 411 3964 rianum
441 3929 618 3974 exstant
652 3935 751 3978 quae
787 3930 984 3979 propter
1018 3927 1365 3983 congruentiam
1389 3942 1514 3976 suam

233 4008 336 4036 cum
363 3993 438 4046 iis,
465 4008 565 4051 quae
586 4007 611 4035 a
636 3993 824 4050 reliquis
844 3993 1105 4048 traduntur,
1126 3996 1184 4039 ad
1206 3998 1406 4041 eundem
1431 4014 1517 4042 nos

231 4078 471 4111 recurrere
488 4064 661 4107 sontem
683 4063 861 4120 jubent.
895 4066 1168 4124 Diligentius
1186 4083 1296 4111 vero
1312 4070 1516 4128 singula-

231 4150 334 4179 rum
359 4150 510 4179 rerum
538 4150 729 4179 examen
744 4138 996 4180 accuratius
1011 4139 1144 4181 etiam
1162 4139 1250 4181 hoc
1279 4140 1480 4185 docebit.

302 4228 318 4244 ιι
337 4207 653 4264 chuventute
675 4205 885 4255 Eumenis
902 4217 945 4250 et
967 4208 1022 4250 de
1043 4207 1139 4251 satis
1160 4207 1254 4263 ejus
1270 4219 1371 4253 ante
1393 4226 1521 4254 mor—

1212 255 1572 326 mERONYMi
1609 275 1918 327 CARDIANI

285 351 373 427 His
401 381 666 442 subjicImus
698 382 1058 444 disputationem
1091 386 1344 431 Briickneri
1382 386 1438 448 (l.
1485 387 1518 431 l.
1598 396 1690 432 tem
1710 388 1965 433 Alexandri
1998 353 2060 432 Μ.
2082 393 2253 446 praeter
2269 386 2498 447 Nepotem
2522 394 2568 432 et
2586 389 2886 436 Plutarchum
2934 360 2979 444 ’,ἕξ

2928 36 2976 50 ,,,,,

1594 475 1733 504 nemo
1754 460 1850 504 fere
1869 469 1937 504 est
1951 460 2033 518 qui
2057 459 2314 504 tradiderit.
2340 462 2444 504 Jam
2462 462 2500 505 si
2519 461 2578 506 de
2598 477 2767 522 genere
2784 479 2886 523 quae
2936 464 2939 467 ’
2966 470 2979 514 t}

1593 533 1807 576 feruntur
1821 533 2063 590 Eumenis,
2089 533 2209 577 inter
2231 547 2278 577 se
2305 543 2651 593 comparantur,
2678 551 2779 595 quae
2801 537 2890 582 ho·
2977 537 2979 548 ¹

1592 605 1942 650 norificentiora
1973 614 2080 650 sunt
2097 607 2322 662 Eumeni,
2347 607 2515 651 eadem·
2539 608 2677 652 etiam
2705 610 2891 654 veriora

1593 692 1686 722 esse
1719 687 1929 737 apparet.
1955 679 2027 722 Ita
2047 678 2171 722 enim
2190 679 2467 723 Plutarchus
2487 694 2528 724 c.
2558 695 2578 723 1
2615 695 2633 724 ι
2649 678 2911 740 Εὖμένηδὲ-
2936 668 2945 727 Ῐ,
2973 672 2981 702 .·

1591 747 1663 794 τὸν
1701 745 1944 812 Καρδιανὸν
1968 747 2132 812 ἱστορεῖ
2161 750 2315 813 Δοῦρις
2346 749 2428 811 (fr.
2466 750 2495 795 6
2519 751 2602 795 ubi
2632 752 2768 813 vide)
2793 753 2889 800 κτλ.

1589 823 1703 865 Mox
1722 829 1876 865 autem
1899 821 2112 866 εΔοκοῦσι
2131 819 2167 866 δ’
2186 819 2330 867 εἰκότα
2345 819 2483 885 λέγειν
2502 822 2666 882 μᾶλλον
2685 825 2726 869 οἱ
2741 821 2812 870 διὰ
2826 821 2890 878 ξε-

1592 890 1687 937 νίαν
1704 892 1775 939 καὶ
1799 890 1942 956 φιλίαν
1967 890 2176 956 πατρῴαν
2196 891 2268 938 τὸν
2297 891 2473 954 Εὐμένη
2500 891 2691 955 λέγοντες
2713 893 2796 941 ὑπὸ
2817 899 2892 942 τοῦ

1593 963 1820 1010 Φιλίππου
1845 966 2136 1027 προαχθῆναι.
2175 967 2258 1010 His
2286 967 2426 1026 plane
2457 968 2751 1014 consentiunt
2788 984 2895 1028 qua

1592 1033 1762 1098 (Eum..
1780 1052 1821 1080 c.
1855 1035 1908 1096 3)
1936 1035 1995 1080 de
2018 1037 2271 1080 inimicitiis
2295 1039 2416 1082 inter
2445 1039 2700 1083 Eumenem
2726 1037 2893 1102 (nobi-
2924 1086 2931 1091 ,
2973 1055 2984 1075 r-

1591 1100 1715 1151 liore·
1753 1108 1895 1167 igitur
1919 1109 2027 1152 loco
2052 1108 2245 1170 natum).
2265 1118 2310 1153 et
2343 1111 2610 1154 Hecataeum
2636 1111 2891 1156 Cardiano-
2927 1167 2930 1169 ,
2983 1119 2985 1136 ³

1590 1195 1694 1223 rum
1730 1189 1976 1239 tyrannum
2003 1181 2267 1230 traduntur.
2293 1172 2382 1227 ἢἮν
2407 1179 2489 1246 γὰρ
2527 1181 2670 1235 αὐτοῖς
2701 1182 2890 1248 πατρική
2928 1189 2934 1211 ²

1589 1269 1652 1303 τις
1671 1252 1718 1296 ἐκ
1737 1252 1968 1298 πολιτικῶν
1997 1251 2209 1316 διαφορῶν
2240 1251 2403 1316 ὑποψία
2428 1251 2532 1317 πρὸς
2573 1252 2808 1313 ἀλλήλους,
2845 1266 2894 1302 et

1589 1325 1732 1369 verba
1747 1326 1941 1384 Nepotis
1963 1340 1984 1369 ι
2008 1327 2227 1370 Etsi-ille
2252 1327 2497 1371 domestico
2528 1342 2704 1372 summo
2722 1343 2894 1386 genere

1590 1400 1710 1444 erat,
1742 1388 1896 1434 tamen
1927 1392 2204 1435 Macedones
2223 1407 2326 1436 eum
2355 1390 2448 1436 se'bi
2476 1394 2729 1452 aliquando
2754 1404 2891 1450 ante·¹
2931 1404 2933 1406 ’
2976 1429 2983 1442 ,

1584 1466 1700 1520 poni
1720 1462 1911 1522 indigne
1927 1460 2158 1517 ferebant.
2182 1464 2346 1522 Itaque
2370 1479 2471 1522 quae
2487 1465 2743 1507 Eumenem
2767 1465 2888 1509 alio·
2923 1482 2926 1483 ⁷
2977 1483 2983 1502 ε

1589 1534 1704 1592 quin
1744 1535 2113 1593 persequebatur
2148 1535 2323 1580 invidia
2355 1535 2692 1592 Macedonum,
2737 1537 2893 1582 fecisse
2919 1581 2926 1588 ,
2977 1527 2981 1540 ⁴

1590 1607 1728 1650 etiam
1751 1606 1952 1663 videtur,
1966 1616 2019 1651 ut
2038 1609 2198 1667 generi
2221 1607 2322 1666 ejus
2339 1608 2418 1652 illa
2440 1607 2589 1663 labes,
2607 1609 2643 1652 si
2668 1623 2760 1666 qua
2785 1608 2890 1666 fuit,
2980 1663 2982 1665 ‚

1590 1678 1965 1739 adspergeretur.
2005 1680 2251 1724 Contraria
2279 1679 2520 1747 tradidisse
2553 1681 2892 1740 Hieronymum
2938 1698 2939 1702 ¹
2978 1676 2983 1702 ⁵¹

1590 1759 1768 1796 certum
1790 1761 1934 1811 puto;
1955 1767 2054 1796 non
2072 1753 2136 1796 ita
2167 1760 2497 1808 certumrsane,
2525 1751 2738 1797 debuisse
2759 1767 2817 1797 ex
2833 1768 2894 1798 eo

1588 1839 1743 1883 neque
1760 1825 1966 1884 potuisse
1984 1839 2042 1869 ex
2065 1825 2156 1869 alio
2180 1823 2309 1868 fonte
2335 1825 2415 1868 illa
2439 1823 2632 1882 quidem
2654 1822 2782 1883 apud
2796 1825 2887 1868 Ne·-

1588 1905 1749 1955 potem
1772 1905 1818 1941 et
1832 1895 2135 1941 Plutarchum
2146 1897 2297 1956 repeti
2306 1892 2323 1951 ’,
2347 1895 2598 1959 probabile
2619 1903 2773 1940 tamen
2797 1910 2894 1941 esse

1590 1968 1926 2030 Hieronymum
1948 1970 2240 2029 potissimum
2261 1968 2431 2027 respici
2447 1982 2473 2010 a
2490 1960 2751 2012 Plutarcho
2768 1967 2895 2012 inter

1589 2057 1693 2098 eos,
1727 2044 1809 2102 qui
1831 2042 2025 2087 Duridis
2059 2048 2368 2100 opponuntur
2398 2039 2691 2095 auctoritati,
2723 2053 2893 2095 nemo,

1588 2124 1704 2173 puto
1724 2149 1737 2171 ,
1796 2113 1965 2159 infitias
2003 2115 2156 2157 iverit.
2189 2113 2265 2158 Sic
2300 2111 2490 2156 fortasse
2513 2111 2642 2171 apud
2663 2113 2894 2171 Nepotem

1590 2188 1727 2231 etiam
1749 2203 1852 2247 quae
1877 2194 2156 2246 sequuntur,
2175 2184 2238 2230 ad
2259 2186 2604 2243 Hieronymum
2628 2183 2896 2230 revocanda

1589 2270 1695 2304 sunt
1716 2275 1727 2306 :
1755 2264 1845 2305 Hic
1859 2259 2318 2320 per-adolescentulus
2349 2258 2416 2301 ad
2434 2255 2684 2301 amicitiem
2707 2261 2899 2301 accessit
2918 2247 2942 2306 ἶ.

1588 2333 1802 2394 Philippi
1825 2335 2041 2389 Amyntae
2062 2341 2152 2377 etc.
2170 2345 2316 2390 usque
2335 2330 2397 2374 ad
2418 2333 2621 2374 omnium
2640 2345 2788 2374 rerum
2804 2329 2898 2375 lza-
2916 2343 2934 2376 Ξ

1597 2399 1715 2450 bitus
1741 2417 1808 2450 est
1838 2410 2093 2466 particeps,
2126 2405 2278 2455 Minus
2297 2403 2584 2447 conveniunt
2605 2402 2947 2470 Hieronymnffgg

1591 2494 1693 2537 quae
1717 2479 1776 2523 de
1800 2479 1990 2523 avaritia
2007 2476 2278 2538 produntur
2301 2475 2522 2520 Eumenis
2552 2489 2580 2519 a
2615 2473 2905 2530 Plutarcho,

1591 2561 1636 2596 et
1683 2551 1742 2597 de
1765 2551 1951 2596 vasi-itia
1966 2585 1979 2607 ,
2025 2565 2117 2609 qua
2159 2557 2266 2609 post
2302 2556 2500 2605 mortem
2529 2546 2893 2606 Hephaestionis,
2930 2547 2952 2610 f*

1591 2640 1732 2683 quem
1762 2624 2077 2669 adversarium
2095 2622 2353 2680 habuerat,
2378 2618 2634 2664 Alexandri
2666 2619 2784 2663 iram
2806 2617 2894 2664 de·

1589 2697 1762 2758 fugerit·
1778 2697 1940 2758 (Eum.
1960 2712 2002 2740 c.
2023 2710 2050 2739 2
2078 2708 2090 2740 ε
2116 2694 2138 2738 ὃ
2159 2690 2204 2738 δὲ
2222 2695 2462 2755 πανοῦργος
2480 2687 2552 2738 ὤν.
2562 2689 2658 2736 κτλ.
2675 2689 2708 2751 ).
2872 2692 2874 2694 ’

1660 2788 1679 2808 «
1699 2768 1792 2813 Sed
1811 2769 2074 2812 universam
2103 2767 2417 2824 Hieronymus
2440 2763 2694 2826 Alexandri
2711 2777 2895 2808 succes-

1590 2857 1751 2886 sorum
1781 2841 2024 2885 historiam
2053 2836 2321 2900 tradiderat.
2342 2835 2482 2894 Cujus
2508 2836 2664 2895 operis
2697 2835 2892 2880 consilio

1590 2909 1683 2959 tam
1698 2914 2051 2958 convenientem
2069 2910 2346 2969 judicamus,
2369 2923 2470 2967 quae
2483 2907 2610 2967 apud
2629 2905 2895 2952 Diodorum

1594 2984 1802 3049 (XVIII,
1835 2983 1890 3046 5)
1925 2993 1992 3028 est
2010 2983 2225 3040 subjectae
2261 2982 2319 3026 ab
2354 2979 2622 3025 Alexandro
2658 2979 2774 3023 Asiae
2807 2978 2920 3022 de-‘

1589 3058 1781 3117 scriptio
1797 3091 1810 3112 ,
1831 3066 1885 3100 ut
1902 3054 2143 3100 Diodorus
2174 3054 2334 3110 nobis,
2362 3067 2509 3111 quum
2530 3051 2772 3110 praeterire
2798 3066 2893 3119 pti-

1591 3131 1771 3185 tuisset,
1796 3129 1916 3173 hanc
1947 3129 2095 3187 ipsam
2123 3127 2184 3170 ob
2224 3141 2452 3182 caussam,
2485 3123 2616 3184 quod
2643 3122 2767 3184 apud
2807 3137 2894 3167 au·

1592 3211 1770 3246 ctorem
1805 3216 1938 3245 suum
1961 3198 2235 3255 invenisset,
2274 3197 2485 3241 invidere
2516 3211 2618 3240 eam
2645 3193 2896 3238 lectoribus

1590 3277 1680 3320 suis
1703 3276 1902 3319 noluisse
1923 3274 2154 3321 videatur.
2201 3273 2279 3316 Est
2301 3279 2456 3314 autem
2476 3268 2688 3328 inprimis
2709 3267 2894 3311 initium

1590 3349 1711 3392 illius
1737 3347 2085 3406 descriptioniS,
2114 3343 2242 3390 unde
2271 3344 2362 3387 hoc
2380 3341 2514 3402 argui
2537 3340 2681 3400 possit
2702 3355 2715 3384 z
2742 3336 2800 3387 ‘H
2837 3341 2894 3397 ,εἷς

1591 3417 1634 3464 δὲ
1652 3417 1756 3482 πρὸς
1774 3415 1851 3470 τὰς
1873 3414 2112 3479 μελλούσας
2127 3413 2389 3479 ἱστορεῖσθαι
2407 3409 2583 3476 πράξεις
2605 3410 2758 3456 οἰκεῖον
2785 3427 2805 3457 ε
2822 3424 2894 3459 ναι

1590 3490 1815 3552 νομίζομεν
1840 3490 2022 3553 ἐκθεῖναι
2041 3486 2246 3551 πρότερον
2267 3484 2343 3537 τοὶς
2365 3503 2412 3530 τε
2432 3482 2573 3543 αἰτίας
2591 3484 2668 3539 τῆς
2696 3477 2892 3530 dumio}

1591 3581 1696 3616 σεως
1725 3561 1799 3609 καὶ
1829 3559 1932 3618 ὅλης
1961 3564 2037 3617 τῆς
2071 3558 2211 3612 Ἀσίας
2243 3555 2320 3614 τὴν
2357 3555 2470 3602 θέσιν
2503 3553 2577 3602 καὶ
2609 3556 2896 3618 τῶνοατραρ

1590 3637 1723 3681 πειῶν
1741 3633 1794 3680 τὰ
1819 3633 1976 3697 μεγέθη
1998 3631 2073 3681 καὶ
2090 3631 2164 3686 τὰς
2184 3629 2415 3686 ἰδιότητας.
2443 3626 2575 3676 Οὕτω
2594 3624 2677 3690 γὰρ
2700 3624 2908 3698 μᾶλῑπξέ

1591 3704 2014 3771 εὐπαρακολούθητος
2058 3709 2145 3756 τοῖς
2197 3697 2564 3760 ἀναγινώσκουσιν
2610 3700 2638 3754 ἡ
2690 3695 2907 3764 διήγησζξς

1590 3777 1731 3836 ἔσται,
1742 3776 1825 3840 πρὸ
1842 3777 2074 3840 ὀφθαλμῶν
2098 3771 2290 3830 τεθείσης
2305 3773 2381 3828 τῆς
2420 3768 2522 3827 ὅλης
2543 3766 2795 3821 τοποθεσίας
2814 3757 2890 3844 neq

1589 3853 1673 3896 τῶν
1699 3846 2020 3910 διαστημάτων.
2041 3845 2146 3895 Ἀπὸ
2166 3843 2306 3891 τοίνυν
2327 3848 2401 3890 τοῦ
2422 3836 2535 3888 κατὰ
2551 3838 2751 3889 Κιλικίαν
2772 3833 2890 3893 Ταῦ·

1592 3940 1666 3988 ρου
1682 3922 1776 3971 κτλ.

1631 3993 1799 4039 «Aliud
1826 3991 2104 4052 Hieronymi
2128 3990 2272 4049 idque
2311 3989 2416 4033 satis
2435 3993 2613 4032 certum
2651 3984 2810 4044 vestigi
2856 4004 2874 4023 v

1592 4066 1718 4126 apud
1737 4065 2004 4110 Diodorum
2027 4060 2398 4122 deprehenditur
2419 4060 2579 4105 XVIII
2594 4091 2606 4114 ,
2652 4056 2707 4100 16
2731 4072 2743 4100 ε
2769 4050 2869 4115 “Ay-

1594 4138 1638 4183 δὲ
1661 4135 1822 4188 τούτοις
1841 4131 2199 4199 προταττομένοις
2240 4128 2484 4194 Περδίκκας
2512 4139 2601 4175 etc.
2649 4143 2795 4187 usque
2822 4140 2852 4171 a

1595 4208 1790 4271 καθάπερ
1805 4206 1844 4260 ἐξ
1868 4209 2003 4271 ἀρχῆς
2031 4198 2087 4263 ἦν.
2101 4201 2426 4271 μεμερισμένος.
2451 4202 2535 4252 Cui
2552 4203 2658 4247 loco
2674 4202 2706 4245 si
2729 4198 2863 4266 conf-v
