3016 4628
181 177 197 214 1

210 291 268 327 24
1211 277 1503 327 GLAUCUS
1541 279 1892 332 RHEGINUS.

199 405 324 451 7³0ch
341 382 370 432 ’ὁ
403 384 616 449 Ἱμεραῖος
641 382 726 430 οὔτ’
749 382 919 447 Ὀρφέα
935 420 946 441 ,
971 383 1067 429 οὔτε
1087 382 1382 450 Τέρπανδρον,
1402 383 1492 432 οὔτ’

200 458 468 523 Ἀρχίλοχον,
497 457 592 504 Οὔτε
606 455 818 513 Θαλήταν
837 455 1108 518 ἐμιμήσατο,
1131 458 1226 503 ἀλλ’
1243 454 1493 521 Ὄλυμπον,

198 531 472 595 χρησάμενος
495 532 556 595 τῷ
581 528 783 595 ἁρματίῳ
803 529 923 594 νόμῳ
947 528 1023 575 καὶ
1047 531 1122 604 τῶν
1134 527 1247 576 κατὰ
1284 530 1492 578 δάκτυλον

199 604 325 666 εἴδει,
353 603 379 650 δ’
395 623 504 656 τινες
527 602 570 658 ἐξ
591 601 733 667 ὀρθίου
758 601 890 664 νόμου
921 601 1051 666 φασὶν
1083 605 1206 651 εἶναι.
1279 602 1424 651 Ἄλλοι
1447 602 1494 649 δέ

198 696 308 730 τινες
334 675 417 723 ὑπὸ
442 678 606 723 Μυσῶν
625 677 828 738 εὑρῆσθαι
847 677 993 720 τοῦτον
1011 673 1082 720 τὸν
1107 673 1252 736 νόμον·
1277 674 1494 738 γεγονέναι

197 749 282 814 γάρ
302 768 418 802 τινας
439 748 646 813 ἀρχαίους
670 744 863 804 αὐλητὰς
878 746 1067 798 Μυσούς.

262 935 337 979 Id.
358 935 422 978 ib.
446 951 487 978 c.
516 950 589 979 10.
629 929 718 978 Καὶ
734 928 840 993 περὶ
865 928 1053 986 Θαλήτα
1075 927 1118 974 δὲ
1139 932 1212 975 τοῦ
1237 927 1424 993 Κρητὸς,
1454 929 1491 973 εἷ

196 1004 390 1051 παιάνων
425 1002 652 1067 γεγένηται
682 999 890 1062 ποιητὴς,
911 1000 1267 1066 ἀμφισὸητεῒται.
1296 1003 1333 1049 Γ
1335 1001 1494 1053 λαῧκος

196 1077 278 1143 γὰρ
319 1080 414 1139 μετ’
451 1076 700 1141 Ἀρχίλοχον
748 1073 925 1138 φάσκων
964 1077 1218 1137 γεγενῆσθαι
1264 1071 1492 1129 Θαλήταν,

197 1154 471 1214 μεμιμῆσθαι
489 1151 564 1212 μὲν
583 1147 710 1195 αὐτόν
732 1165 836 1212 φησι
856 1145 910 1192 τὰ
930 1145 1183 1210 Ἀρχιλόχου
1205 1144 1338 1208 μέλη,
1358 1143 1428 1191 ἐπὶ
1449 1142 1494 1190 δὲ

195 1224 244 1270 τὸ
264 1222 527 1288 μακρότερον
553 1223 737 1268 ἐκτεῖναι
752 1257 763 1278 ,
783 1219 857 1267 καὶ
879 1218 1074 1282 Μάρωνα
1078 1220 1144 1293 Νῌ)
1172 1217 1246 1266 καὶ
1266 1215 1485 1283 Κρητικὸν

199 1296 358 1361 ῥυθμὸν
381 1299 439 1350 εἷς
459 1294 536 1352 τὴν
563 1291 812 1356 μελοποιίαν
841 1294 1042 1339 ἐνθεῖναι·
1061 1295 1121 1345 οἷς
1151 1290 1400 1356 Ἀρχίλοχον
1426 1288 1486 1353 μὴ

195 1373 434 1434 κεγρῆσθαι
451 1406 464 1429 ,
492 1369 587 1414 ἀλλ’
626 1367 714 1414 οὐδ’
741 1363 934 1430 Ὀρφέα,
972 1362 1066 1411 οὐδὲ
1094 1362 1373 1429 Τέρπανδρον
1390 1382 1400 1391 ·
1439 1364 1489 1409 ἐκ

195 1425 279 1506 γὰρ
303 1445 377 1497 τ’ἧς
398 1438 625 1502 Ὀλύμπου
651 1436 871 1494 αὐλήσεως
895 1435 1107 1494 Θαλήταν
1137 1435 1265 1500 φασὶν
1287 1433 1482 1499 ἐξειργά-

196 1517 295 1559 σθαι
309 1517 445 1559 ταῧτα
461 1549 474 1574 ,
496 1510 570 1557 καὶ
596 1509 713 1564 δόξαι
733 1508 918 1567 ποιητὴν
941 1508 1102 1572 ἀγαθὸν
1119 1506 1505 1572 γεγονέναι.-Περὶ·

197 1585 241 1632 δὲ
267 1584 549 1650 Ξενοκρίτου,
569 1582 611 1636 ὃς
636 1587 686 1639 ἠν
717 1581 764 1628 τὸ
787 1580 906 1644 γένος
928 1583 976 1628 ἐκ
1000 1585 1181 1645 Λοκρῶν
1202 1584 1285 1628 τῶν
1308 1582 1350 1627 ἐν
1370 1579 1487 1627 Ἰτα-

195 1658 269 1722 λίᾳ
286 1694 299 1719 ,
316 1657 653 1722 ἀμφισὸητεῖται
671 1655 707 1700 εἰ
732 1653 928 1700 παιάνων
954 1653 1136 1712 ποιητὴς
1153 1653 1338 1718 γέγονεν·
1360 1655 1490 1718 ἡρωι-

195 1734 282 1777 κῶν
301 1729 383 1795 γὰρ
409 1728 648 1776 ὑποθέσεων
675 1726 915 1792 πράγματα
935 1728 1128 1792 ἐχουσῶν
1153 1724 1338 1784 ποιητὴν
1361 1745 1490 1789 γεγο-

194 1802 310 1849 νέναι
329 1801 459 1866 φασὶν
498 1800 644 1847 αὐτόν·
673 1800 736 1847 διὸ
776 1798 851 1847 καί
879 1819 997 1853 τινας
1027 1798 1316 1864 διθυράμὸους
1343 1800 1490 1845 καλεῖν

195 1881 326 1926 αὐτοῦ
343 1878 417 1932 τὰς
435 1876 675 1930 ὑποθέσεις·
701 1874 990 1942 πρεσὸύτερον
1017 1873 1061 1922 δὲ
1086 1878 1140 1939 τῇ
1160 1874 1309 1930 ἡλικία
1323 1874 1450 1941 φησὶν
1469 1876 1490 1920 ὃ

197 1948 391 2004 Γλαῦκος
418 1949 630 2007 Θαλήταν
659 1948 921 2014 Ξενοκρίτου
950 1947 1184 2012 γεγονέναι.

260 2030 315 2071 V.
338 2027 524 2070 Muller.
545 2027 662 2069 Dor.
683 2025 810 2082 11‚p.
836 2022 956 2079 3223
980 2023 1129 2067 Ulrici
1156 2022 1316 2066 Gesclz.
1337 2023 1384 2068 d.
1408 2023 1487 2066 Gr.

194 2101 326 2144 Poes.
364 2101 426 2154 II,
447 2115 500 2157 p.
528 2096 619 2140 213
655 2106 700 2141 et
736 2110 855 2154 quos
882 2094 1042 2139 laudat
1085 2094 1216 2138 Bode
1251 2094 1409 2139 Gesclz.
1438 2094 1486 2136 d.

197 2176 275 2222 Gr.
298 2174 458 2217 Pomm
482 2173 514 2216 l.
542 2172 573 2214 l.

815 2244 862 2288 5.

260 2342 457 2399 Diogen.
471 2341 523 2382 1..
541 2339 635 2397 IX,
656 2327 739 2390 38⁴,
757 2333 815 2379 de
831 2335 1104 2378 Democrito
1130 2350 1141 2377 :
1165 2334 1267 2379 Τῶν
1287 2333 1492 2394 Πυθαγο-

197 2414 323 2476 ρικῶν
344 2408 453 2462 τινὸς
472 2406 655 2454 ἀκοῦσαί
675 2424 802 2471 φησιν
828 2404 955 2452 αὐτὸν
990 2406 1186 2458 Γλαῦκος
1213 2402 1456 2467 ὃ’“Ρηγῖνος
1473 2441 1485 2462 ,

195 2482 308 2530 κατὰ
330 2481 424 2534 τοὺς
451 2478 603 2532 αὐτοὺς
627 2477 805 2543 χρόνους
831 2477 948 2541 αὐτῷ
975 2475 1171 2539 γεγονώς.
1199 2474 1324 2533 Φησὶ
1349 2475 1393 2522 δὲ
1415 2476 1491 2523 καὶ

196 2555 514 2618 Ἀπολλόδωρος
552 2555 572 2598 ὃ
605 2549 844 2608 Κυζικηνὸς
868 2549 1079 2614 Φιλολάῳ
1117 2550 1245 2596 αὐτὸν
1285 2549 1493 2613 συγγεγο-

195 2630 329 2676 Vivat-

265 2701 558 2762 Apollodoro
585 2716 689 2743 cum
710 2700 886 2744 Glauco
914 2698 1019 2741 satis
1043 2698 1285 2752 convenit,
1312 2699 1493 2742 ratione

195 2777 352 2820 habita
380 2784 666 2832 temporum,
695 2786 835 2829 quam
858 2771 1100 2830 negligunt
1125 2771 1205 2828 qui
1229 2770 1371 2828 ipsius
1394 2767 1493 2828 Py-

197 2851 227 2892 tl
237 2863 400 2905 nagorae
413 2841 687 2904 discipulum
702 2844 1026 2895 Democritum
1035 2843 1288 2901 perhibent
1297 2842 1369 2901 (tv.
1383 2844 1495 2900 Dio-f

197 2906 302 2980 geu.
348 2921 379 2963 1.
418 2919 447 2963 l.
463 2952 473 2971 ‚
502 2926 545 2960 et
584 2917 722 2962 Duris
756 2931 831 2974 ap.
871 2914 1106 2973 Porphyr.
1147 2911 1239 2957 Vit.
1265 2915 1404 2972 Pyth.
1440 2930 1490 2973 p.

204 2993 285 3037 181
302 3027 312 3036 .
336 2992 410 3036 Cf.
435 2990 654 3033 Mullach.
677 2990 726 3031 in
742 2990 928 3048 Fragm.
947 2988 1207 3032 Democrit.
1230 3002 1278 3046 p.
1311 2985 1370 3030 50
1392 3002 1492 3046 sqq.

197 3068 414 3110 Ceterum
451 3079 549 3106 non
589 3071 655 3105 est
697 3077 782 3105 cur
817 3060 1083 3104 dubitemus
1119 3060 1217 3114 haec
1251 3075 1309 3103 ex
1333 3058 1496 3104 Glauci

200 3135 312 3198 Περὶ
329 3135 517 3190 ποιητῶν
543 3131 617 3178 καὶ
643 3133 858 3192 μουσικῶν
880 3132 1004 3175 libro
1024 3131 1233 3177 desumta
1252 3146 1374 3188 esse;
1398 3132 1495 3190 ipse

197 3209 494 3255 Democritus
516 3203 623 3267 Περὶ
649 3205 820 3265 ῥυθμῶν
844 3202 918 3250 καὶ
941 3200 1148 3267 ἁρμονίας
1176 3213 1222 3247 et
1240 3199 1351 3266 Περὶ
1372 3199 1495 3258 ποιή-

200 3299 305 3333 σεως
323 3282 583 3339 scripserat.
599 3280 653 3323 V.
669 3277 885 3322 Mullach.
900 3277 930 3320 l.
950 3277 980 3319 1.
1004 3291 1051 3335 p.
1080 3292 1098 3319 1
1111 3285 1183 3332 47.

200 3416 368 3454 chorum
387 3413 632 3451 Himeraerum
655 3421 784 3459 neque
804 3409 950 3459 Orphei
970 3419 1100 3458 neque
1126 3408 1347 3459 Terpandri
1378 3408 1497 3448 fuisse

199 3480 440 3519 imitatorem
453 3508 468 3528 ,
483 3487 611 3525 neque
632 3474 854 3514 Archilochi
869 3484 998 3523 neque
1013 3473 1188 3512 Thaletae
1202 3501 1213 3521 ,
1229 3472 1296 3512 sed
1315 3472 1496 3523 Olympi3
1524 3468 1528 3473 ’

202 3555 318 3583 11011111
350 3553 470 3582 1101110
502 3542 704 3579 Hal-matio
719 3569 732 3588 ,
753 3540 792 3577 et
808 3549 854 3577 ea
872 3538 1001 3587 specie
1017 3548 1107 3588 quae
1123 3536 1281 3587 dactylo
1296 3537 1496 3588 procedit,

202 3619 323 3658 quam
349 3606 412 3645 alii
433 3605 482 3643 de
495 3604 635 3643 Orthio
652 3613 771 3641 nomo
785 3612 867 3640 csse
879 3602 1034 3640 volunt.
1058 3601 1131 3641 Alii
1151 3600 1313 3652 quidam
1330 3611 1354 3640 a
1380 3601 1499 3653 Mysis

203 3673 409 3711 inventum
430 3678 593 3707 uomum
616 3666 727 3705 illum
744 3666 897 3704 volunt.

821 3733 865 3772 4.

257 3812 312 3847 Dc
334 3806 498 3845 Thaleta
520 3803 641 3842 etiam
665 3804 852 3841 Cretense
869 3799 1035 3838 dubium
1066 3800 1126 3838 est
1146 3809 1196 3837 an
1219 3800 1381 3838 Paeanas
1407 3798 1500 3837 scri-

205 3874 339 3924 pserit.
366 3874 466 3911 Nam
495 3869 673 3909 Glaucus
713 3867 802 3916 post
833 3864 1115 3905 Archilochum
1146 3863 1263 3903 fuisse
1293 3863 1499 3903 Thaletam

203 3938 425 3982 affirmans,
443 3933 642 3971 imitamur
663 3942 755 3969 eum
771 3929 866 3968 odas
883 3928 1105 3969 Archilochi
1128 3928 1287 3977 fatetur,
1309 3926 1500 3977 prolixius

204 4005 335 4039 tamen
364 3996 604 4044 extendisse,
635 3996 675 4033 et
693 3997 894 4033 Maronem
923 3990 1179 4043 [Pceouemi‘]
1204 4001 1251 4030 ac
1272 3992 1498 4030 Cretensem

206 4064 435 4114 rhythmum
452 4059 617 4099 odarum
636 4058 740 4108 poesi
757 4055 962 4095 inseruisse
973 4085 984 4105 ,
1002 4054 1145 4104 quihus
1174 4065 1303 4104 neque
1319 4054 1501 4104 orpheus

206 4134 300 4161 usus
316 4121 432 4160 fuerit
443 4150 454 4169 ,
469 4129 596 4167 neque
609 4115 848 4166 Terpander,
864 4124 994 4163 neque
1006 4112 1263 4151 Archilochus
1275 4129 1282 4151 :
1294 4111 1382 4152 haec
1394 4113 1498 4151 euim

205 4200 250 4224 rx·
269 4184 422 4234 Olympi
441 4183 563 4222 tihina
580 4180 728 4219 musica
746 4179 858 4218 aiunt
881 4177 1086 4217 Thaletam
1117 4175 1396 4226 depromsisse‚
1425 4175 1497 4215 bo-

209 4253 326 4301 nique
363 4251 487 4299 porta:
528 4247 683 4286 laudem
717 4243 923 4283 invenisse.
973 4245 1026 4281 Dc
1058 4242 1272 4282 xenocrito
1310 4244 1498 4290 practerea

2199 391 2243 435 6.

1636 484 1775 544 Diog.
1800 486 1852 528 L.
1878 486 2003 540 VIII,
2036 483 2096 529 51-
2113 518 2125 540 ‚
2150 484 2209 528 de
2239 456 2526 544 Empedo-Cle
2554 501 2564 530 :
2591 485 2666 539 Εἷς
2688 483 2731 532 δὲ
2755 487 2875 534 Θου·

1574 550 1686 615 ρίους
1712 552 1839 599 αὐτὸν
1859 554 2013 600 νεωστὶ
2037 554 2258 607 παντελῶς
2284 553 2556 616 ἐκτισμένους
2586 557 2782 612 Γλαῦκος
2805 559 2874 606 ἐλ-

1571 623 1656 670 θεῖν
1682 624 1825 689 φησίν.
1862 628 2013 673 Verba
2043 636 2149 671 sunt
2191 629 2476 687 Apollodori
2508 629 2594 691 (fr.
2637 630 2750 693 87).
2801 632 2870 679 Cf.

1571 699 1719 743 Sturz.
1749 708 1795 743 et
1817 701 2034 744 Karsten.
2056 700 2118 744 ad
2141 699 2276 759 Emp.
2300 700 2463 762 fragm.
2487 718 2534 762 p.
2556 708 2626 756 14.

2121 821 2285 831 —-

1832 892 2251 942 DEMOCRITUS
2287 895 2617 955 ABDERITA.

1640 1000 1770 1043 Inter
1804 1000 1976 1058 scripta
2015 1001 2278 1044 Democriti
2319 999 2374 1062 (*)
2410 1013 2714 1049 recensentur
2749 1020 2875 1050 uon·

1571 1070 1699 1114 nulla
1714 1104 1726 1126 ,
1755 1085 1961 1129 quorum
1992 1081 2319 1132 argumentum
2341 1074 2616 1119 historicum
2645 1077 2782 1123 fuisse
2799 1079 2875 1123 vi-

1571 1141 1673 1186 deri
1688 1145 1846 1202 possit.
1866 1144 2049 1188 Etenim
2065 1145 2299 1205 Diogenes
2311 1148 2366 1195 L.
2385 1148 2473 1203 IX,
2491 1147 2570 1205 48,
2591 1150 2642 1192 in
2659 1150 2874 1212 catalogo

1571 1230 1770 1274 operum
1804 1218 2218 1261 Democriteorum
2231 1251 2243 1274 ,
2278 1219 2420 1279 quem
2453 1221 2717 1281 Thrasyllus
2750 1239 2871 1268 con-

1569 1290 1761 1349 struxit,
1779 1305 1863 1334 suo
1880 1291 1988 1334 loco
2005 1291 2143 1350 ponit
2159 1287 2519 1352 Ὑπομνημάτων
2534 1294 2694 1350 ἠθικῶν
2714 1293 2777 1352 η’.
2797 1297 2874 1342 Sic

1570 1362 1695 1405 enim
1723 1363 1974 1422 legendum
1998 1378 2091 1407 esse
2117 1362 2251 1408 facile
2274 1365 2449 1425 largior
2474 1368 2729 1413 Mullachio
2751 1365 2873 1431 (De.

1570 1439 1750 1478 mocritz'
1770 1437 1964 1494 Fragm.
1981 1437 2190 1482 Berolin.
2215 1435 2356 1494 1843,
2381 1453 2431 1498 p.
2462 1433 2596 1502 124).
2615 1440 2876 1487 Librorum

1626 1554 1678 1603 (*)
1710 1558 1838 1594 Pauca
1859 1556 2111 1607 interponere
2144 1558 2263 1598 liceat
2286 1557 2336 1597 de
2363 1567 2468 1596 anno
2488 1558 2708 1598 Democriti
2738 1559 2889 1600 natali-¹

1569 1613 1728 1652 Scilicet
1756 1615 1874 1653 natus
1900 1616 1960 1653 est
1991 1615 2252 1667 philosophus
2279 1615 2502 1656 secundum
2529 1616 2816 1665 Apollodorum
2833 1629 2872 1659 a.

1567 1671 1663 1719 460,
1682 1681 1763 1709 sec.
1784 1671 2036 1722 Thrasyllum
2055 1684 2093 1712 a.
2114 1678 2210 1722 470,
2227 1683 2305 1712 000.
2327 1673 2543 1712 Diodorum
2567 1674 2703 1723 (xlv,
2733 1677 2803 1724 11)
2831 1687 2874 1716 3.

1569 1730 1644 1766 494
1672 1729 1767 1768 ante
1805 1729 1902 1769 Chr.
1933 1733 2029 1770 Haec
2054 1731 2351 1785 sententiarum
2386 1731 2584 1770 discordia
2607 1742 2699 1782 quae
2725 1733 2875 1774 multos

1566 1787 1728 1826 vexavit
1747 1789 2021 1838 componenda
2037 1791 2096 1829 est
2110 1790 2217 1829 hunc
2235 1789 2277 1828 in
2290 1789 2470 1829 modum.
2492 1792 2522 1829 E
2539 1790 2714 1840 Diogene
2739 1794 2872 1843 1..1x,

1571 1847 1617 1883 14
1642 1843 1697 1894 (v.
1715 1845 1946 1895 Apollodori
1963 1847 2257 1886 Chronicorum
2271 1848 2411 1897 fragm.
2443 1847 2519 1896 84)
2537 1849 2694 1888 constat
2720 1851 2871 1889 Demo·

1567 1903 1713 1942 critum
1739 1905 1923 1954 tempora
1939 1915 2012 1944 sua
2028 1905 2226 1945 definiisse
2249 1906 2328 1955 ita,
2348 1906 2396 1944 ut
2415 1916 2541 1945 annos
2570 1909 2802 1948 numeraret
2815 1909 2870 1948 ab

1567 1971 1647 2000 nera
1676 1964 1864 2013 Trojana.
1897 1965 2034 2013 Ipsum
2058 1958 2335 2003 Democritum
2362 1963 2514 2002 bellum
2543 1964 2760 2014 Trojanum
2780 1968 2873 2007 assi·

1565 2030 1704 2069 gnasse
1724 2020 1838 2060 annis
1868 2024 2119 2062 1154-1144
2148 2033 2200 2061 ex
2229 2021 2384 2071 legibus
2405 2022 2583 2072 antiquae
2606 2023 2875 2076 chronologiae

1566 2077 1734 2128 aliisque
1759 2078 2000 2128 quibusdam
2030 2079 2186 2119 indiciis
2216 2082 2325 2119 recte
2342 2079 2526 2119 statuisse
2553 2079 2651 2119 mihi
2674 2081 2814 2122 videor
2831 2083 2878 2123 111

1566 2139 1726 2186 Fragm.
1745 2137 1934 2177 Chronol.
1953 2148 1994 2188 p.
2015 2143 2086 2177 123
2106 2138 2192 2187 (Cf.
2209 2138 2399 2178 Mullach.
2418 2149 2458 2188 p.
2475 2140 2564 2188 35).
2591 2142 2685 2179 Jam
2706 2141 2871 2192 Apollo-

1566 2193 1690 2233 dorus
1720 2194 1934 2244 Trojanam
1953 2206 2077 2235 aeram
2099 2195 2212 2246 ponit
2235 2196 2276 2235 in
2291 2207 2354 2235 311.
2378 2200 2501 2246 1183;
2521 2197 2752 2248 Thrasyllus
2774 2210 2877 2240 vero

1572 2251 1613 2290 in
1631 2263 1696 2291 an.
1726 2257 1820 2291 1193
1847 2253 1930 2302 (uti
1951 2254 2061 2304 patet
2077 2265 2128 2293 ex
2157 2254 2285 2293 Clem.
2305 2254 2419 2294 Alex.
2440 2257 2480 2304 Ι,
2501 2265 2542 2304 p.
2559 2258 2642 2296 '147
2661 2256 2786 2306 Sylb.;
2811 2258 2866 2298 cs.

1567 2313 1725 2360 Fragm.
1744 2310 1935 2350 Chronol.
1950 2323 1990 2362 p.
2010 2317 2080 2351 128
2093 2314 2122 2361 ).
2138 2312 2262 2362 Igitur
2278 2314 2447 2362 uterque
2462 2312 2630 2364 scriptor
2654 2324 2678 2353 a
2695 2315 2871 2365 Troiana

1568 2379 1649 2407 oera
1666 2368 1716 2407 ad
1728 2370 1868 2408 natum
1882 2369 2153 2409 Democritum
2167 2372 2354 2410 numerat
2367 2381 2494 2410 annos
2514 2375 2603 2412 723.
2623 2372 2794 2413 Eosdem
2804 2383 2874 2413 an·

1569 2437 1640 2466 nos
1650 2430 1669 2466 7
1676 2432 1722 2466 23
1733 2426 1765 2466 si
1774 2426 1972 2467 addideris
1979 2427 2142 2467 Diodori
2151 2439 2256 2467 anno
2266 2430 2340 2468 494
2350 2440 2387 2469 a.
2400 2432 2465 2480 C.‚
2476 2431 2715 2470 nancisceris
2721 2441 2872 2471 3111111111

1573 2489 1669 2526 1217
1682 2516 1692 2534 ,
1709 2484 1779 2535 qui
1791 2487 1852 2526 est
1867 2497 1960 2525 aerae
1977 2486 2160 2536 Trojanoe
2183 2486 2298 2537 longe
2320 2487 2604 2527 celeberrimae.
2619 2490 2709 2539 Ipse
2728 2491 2874 2539 Demo-

1569 2543 1694 2583 critus
1719 2543 1812 2583 inde
1842 2555 1866 2583 a
1888 2555 1962 2583 sua
1990 2555 2073 2584 aera
2105 2546 2276 2595 Trojana
2301 2546 2357 2585 ita
2387 2556 2600 2586 numerare
2631 2557 2727 2586 non·
2742 2548 2872 2598 potuit

1571 2600 1634 2652 (id
1653 2600 1761 2651 quod
1783 2613 1903 2641 nemo
1918 2613 1999 2641 non
2015 2602 2197 2653 intelligit
2209 2603 2223 2655 )
2234 2633 2247 2654 ‚
2264 2603 2379 2643 sedis
2393 2603 2464 2655 qui
2479 2604 2633 2655 primus
2646 2605 2782 2655 posuit
2796 2615 2872 2645 an-

1569 2669 1643 2698 11οο
1657 2658 1746 2698 111οο
1770 2663 1870 2709 723,
1899 2660 2158 2710 differentiae,
2175 2671 2269 2711 quae
2293 2663 2474 2702 001111101-
2502 2661 2680 2718 diversas
2701 2664 2875 2714 epochas

1570 2716 1664 2756 belli
1676 2717 2022 2768 Trojani,Justam
2043 2719 2184 2758 habuit
2209 2719 2422 2759 rationem.
2453 2720 2528 2759 Hic
2554 2723 2626 2770 qui
2643 2721 2786 2772 fuerit,
2812 2721 2872 2762 in-

1571 2776 1728 2813 certum
1746 2775 1910 2824 quidem
1926 2778 2007 2826 est,
2024 2777 2231 2827 probabile
2246 2779 2382 2816 tamen
2400 2777 2517 2818 fuisse
2543 2780 2750 2819 auctorem
2773 2780 2867 2820 Dio-

1569 2833 1681 2880 dori,
1714 2833 1904 2883 quoniam
1934 2844 2021 2873 aera
2046 2834 2218 2884 Trojana
2248 2836 2341 2874 anni
2375 2840 2470 2876 1217
2501 2836 2774 2886 antiquiorum
2797 2849 2870 2879 au·

1569 2886 1728 2923 ctorum
1751 2895 1836 2924 esse
1866 2884 1981 2924 solet.
2010 2889 2066 2925 Ac
2081 2896 2222 2924 revera
2244 2896 2350 2924 anno
2380 2886 2462 2925 fere
2489 2889 2565 2927 494
2596 2890 2873 2932 Democritum

1569 2943 1710 2980 natum
1738 2941 1878 2991 fuisse,
1913 2953 2065 2992 suaque
2085 2942 2226 2982 itinera
2253 2944 2345 2982 ante
2369 2943 2616 2984 Herodotum
2654 2946 2872 2990 absolvisse

1570 2999 1644 3050 (cf.
1663 2999 1903 3041 Dahlmann.
1928 3001 2232 3050 Forschunqen
2253 3003 2331 3041 etc.
2359 3004 2390 3041 li
2403 3033 2414 3050 ,
2444 3008 2484 3052 1,
2502 3013 2542 3053 p.
2564 3003 2633 3053 54)
2650 3006 2692 3043 ut
2715 3007 2870 3047 statua·

1571 3068 1660 3096 mus
1678 3057 1806 3096 multa
1823 3069 1897 3098 nos
1912 3058 2109 3098 adducere
2124 3059 2286 3099 debent.
2309 3059 2386 3099 Sed
2405 3060 2493 3100 haec
2508 3061 2592 3110 jam
2615 3061 2712 3102 nihil
2735 3063 2874 3105 adunus

1570 3115 1783 3164 pertinent.
1805 3117 1892 3155 Hoc
1908 3118 2069 3155 tantum
2086 3115 2204 3166 addo,
2237 3127 2388 3156 annum
2414 3119 2594 3158 natalem
2620 3122 2874 3171 Anaxagorae

1571 3173 1622 3212 ab
1636 3173 1882 3224 Apollodoro
1904 3175 1981 3223 (fr.
2012 3179 2078 3224 81,
2099 3175 2189 3214 coll.
2219 3175 2292 3225 84)
2318 3178 2598 3226 computatum
2620 3186 2704 3217 csse
2728 3189 2751 3218 0
2779 3179 2872 3220 1000

1575 3232 1793 3271 Democriti
1810 3243 1874 3283 ap.
1896 3233 2059 3283 Diogen.
2082 3236 2150 3283 lX,
2167 3236 2234 3283 41,
2251 3234 2422 3285 ideoque
2446 3235 2496 3274 ab
2512 3246 2633 3284 ann0,
2652 3247 2772 3286 quem
2791 3241 2873 3279 De-

1573 3289 1728 3328 mocriti
1742 3291 1940 3330 natalibus
1954 3292 2095 3330 auctor
2107 3292 2288 3342 assignat.
2303 3294 2348 3331 111
2359 3293 2435 3332 3113
2448 3293 2583 3332 01111113
2593 3295 2677 3334 abit
2687 3296 2873 3343 Mullach.

1575 3409 1708 3450 Locris
1724 3411 1871 3450 Italicis
1887 3411 2071 3461 oriundo,
2089 3414 2359 3453 controversia
2377 3415 2436 3453 est
2446 3444 2458 3463 ,
2474 3425 2525 3454 an
2541 3414 2574 3454 is
2584 3410 2755 3456 Paeanas'
2766 3427 2874 3456 com-

1573 3473 1772 3525 posuerit;
1807 3475 1940 3515 serunt
1972 3475 2080 3515 enim
2114 3486 2206 3515 eum
2240 3476 2416 3519 ‚carmina
2449 3477 2672 3528 scripsisse,
2698 3489 2874 3530 quorum

1573 3538 1731 3580 heroica
1762 3539 1910 3582 suerint
1939 3552 2003 3581 res
2031 3542 2159 3591 gestas
2183 3541 2370 3581 habentia
2397 3545 2651 3592 argumenta3
2676 3554 2802 3594 eaque
2819 3546 2875 3586 ob

1574 3603 1677 3642 hanc
1706 3614 1866 3644 causam
1892 3605 2011 3645 fuisse
2037 3616 2061 3644 a
2086 3604 2325 3655 quibusdam
2359 3605 2631 3656 dithyrambos
2651 3609 2871 3651 nominata.

1575 3669 1756 3709 Eundem
1773 3670 1946 3710 Glaucus
1965 3670 2130 3711 Thaleta
2157 3671 2415 3720 posteriorem
2439 3670 2558 3711 tuisse
2575 3671 2726 3712 scribit.

2189 3754 2230 3794 5.

1628 3842 1978 3893 Pythagoricorum
1988 3825 2216 3892 que1n⁸pia1n
2226 3840 2394 3880 audiisse
2408 3843 2680 3883 Democritum
2694 3845 2872 3886 Glaucus

1574 3907 1773 3956 Rheginus
1787 3908 1938 3956 narrat,
1956 3906 2028 3956 qui
2041 3905 2178 3945 iisdem
2195 3906 2317 3955 atque
2333 3905 2398 3945 ille
2413 3907 2657 3956 temporibus
2674 3909 2788 3949 vixit.
2805 3910 2870 3950 Ait

1575 3982 1668 4010 vero
1683 3970 1802 4009 etiam
1824 3969 2081 4019 Apollodorus
2097 3969 2314 4020 Cyzicenus
2330 3979 2422 4009 cnm
2452 3970 2629 4010 Philolao
2655 3980 2748 4017 eum
2771 3984 2868 4013 con-

1574 4031 1826 4071 suetudinem
1850 4030 2048 4070 habuisse.

2137 4092 2155 4156 λ
2190 4099 2230 4138 6.

1628 4173 1906 4226 Empedoclem
1924 4174 2093 4213 'l'hurios
2115 4174 2264 4214 venisse
2277 4204 2286 4222 ‚
2305 4185 2429 4224 «pium
2450 4185 2585 4214 recens
2601 4174 2756 4215 condita
2774 4175 2871 4216 urbs

1577 4243 1670 4281 css-vt
1687 4271 1697 4290 ,
1716 4239 1872 4279 tradidit
1892 4239 2075 4280 Glaucus.

2998 1009 3010 1274 ξ

2963 1288 3013 1710 ἒ
