3016 4628
252 271 344 318 194

246 364 438 427 θαλάττῃ
465 361 535 410 διὰ
570 364 656 409 τῶν
692 358 907 427 φιλτάτιον
944 358 1018 407 καὶ
1048 360 1317 408 οἰκειοτάτων
1347 359 1524 416 τέκνων,

242 435 449 501 ’βασιλεὺς
468 432 527 482 ὢν
563 434 639 483 καὶ
657 432 842 488 πολλοὺς
875 432 989 498 ἔχων
1026 431 1255 490 ὑπηκόους.
1281 431 1530 487 Ὁσιωτάτη

240 509 324 574 γὰρ
349 507 459 567 αὕτη
479 511 506 566 ἡ
531 506 658 556 θυσία
691 511 800 560 θεοῖς
826 505 901 553 καὶ
931 504 1276 571 προσφιλεστέρα
1299 508 1326 561 ἡ
1353 503 1422 551 διὰ
1445 505 1531 550 τῶν

242 580 410 629 οἰκείων
449 581 523 629 καὶ
558 579 849 629 εὐνουστάτων
882 579 1061 644 ἀνδρῶν.
1100 606 1164 615 -
1196 582 1254 625 In
1289 579 1534 639 postremis

239 657 487 701 Athenaeus
513 671 524 699 τ
550 651 627 707 τὰς
660 648 914 716 μαγειρικὰς
947 651 1215 715 μαγγανείας
1245 650 1319 697 καὶ
1355 648 1439 709 τὰ,
1475 650 1533 700 ὡς

241 728 267 772 ὁ
296 723 545 790 Μένανδρός
568 742 724 790 φησιν,
748 722 1093 780 ὓποὸινητιωντα
1127 721 1364 787 βρώματα,
1388 719 1462 767 καὶ
1484 718 1532 765 τὸ

241 797 362 863 παρὰ
385 798 559 851 πολλοις
581 794 1025 870 λασταυροκάκκαὸον
1068 795 1332 856 καλούμενον
1359 794 1530 856 βρῶμα,

240 888 301 923 ως
336 868 740 934 φησιΧρύσιππος,
778 872 826 915 οὗ
861 870 888 925 ἡ
924 865 1170 923 κατασκευὴ
1210 862 1528 928 περιερ(οτε’ρα.

241 943 354 1000 Quae
387 944 485 1002 ipse
525 943 772 988 Athenaeus
813 940 872 985 de
907 956 991 984 suo
1020 939 1234 993 addidit,
1249 938 1382 982 sicuti
1419 950 1532 980 mox

191 1027 195 1031 ·
242 1015 514 1059 Philochori
542 1015 700 1059 locum
725 1013 1018 1072 interposuit.
1046 1012 1229 1055 Etenim
1250 1010 1406 1069 pergit
1437 1009 1532 1052 Ex-

243 1097 432 1147 cerptor
447 1088 654 1132 Athenaei
673 1102 714 1131 c.
741 1085 795 1129 16
819 1099 829 1128 :
870 1084 1069 1146 Πρίαμος
1088 1080 1131 1128 δὲ
1152 1079 1272 1143 παρὰ
1291 1082 1353 1144 τῷ
1370 1080 1529 1141 ποιητῇ

246 1157 320 1204 καὶ
333 1157 522 1213 ὀνειδίζει
542 1160 629 1210 τοῖς
649 1159 751 1210 υἱοῖς
772 1152 1051 1201 ἀναλίσκουσι
1070 1151 1124 1199 τὰ
1147 1150 1206 1214 μὴ
1228 1149 1529 1214 νενομισμένα,

343 1270 478 1321 Ἀρνῶν
493 1270 553 1319 ἠδ’
580 1270 715 1321 ἐρίφων
734 1269 926 1320 ἐπιδήμιοι
951 1269 1204 1318 ἁρπακτῆρες.

245 1366 521 1432 [Φιλόχορος
567 1366 612 1413 δὲ
659 1366 821 1430 ἱστορεῖ
864 1363 938 1412 καὶ
984 1361 1254 1411 κεκωλύσθαι
1297 1357 1526 1419 Αθήνησιν

245 1438 430 1486 ἀπέκτου
457 1438 580 1504 ἀρνὸς
605 1436 765 1500 μηδένα
783 1436 1006 1500 γεύεσθαι,
1034 1433 1314 1493 ἐπιλιπούσης
1333 1432 1440 1481 ποτὲ
1456 1453 1533 1492 της

243 1513 328 1558 τῶν
354 1510 474 1576 ζώων
498 1508 658 1558 τούτων
681 1509 899 1573 γενέσεως.
917 1515 933 1566 ]
957 1506 1283 1565 Ἑλλήσποντον
1309 1507 1354 1553 δὲ
1372 1503 1532 1568 εὈμη-

245 1603 314 1649 ρος
338 1583 561 1648 ἰχθυόεντα
584 1581 935 1648 προσαγορεύων,
960 1579 1035 1628 καὶ
1056 1578 1154 1633 τους
1183 1578 1392 1632 Φαίακας
1411 1580 1532 1626 πλω-

242 1656 502 1710 τικωτάτους
535 1675 690 1714 ποιων,
732 1654 807 1702 καὶ
845 1655 887 1700 ἐν
925 1656 980 1718 τῇ
1016 1652 1166 1717 Ἰθάκῃ
1198 1649 1320 1705 εἰδὼς
1357 1650 1534 1714 λιμένας

246 1728 417 1783 πλείους
445 1728 519 1775 καὶ
541 1727 696 1786 νήσους
719 1731 942 1791 προσεχεῖς
964 1723 1152 1783 πολλὰς,
1195 1726 1239 1771 ἐν
1276 1727 1343 1777 αῖς
1375 1721 1534 1787 ἰχθύων

247 1800 409 1889 ἐγίνετο
442 1802 599 1857 πλῆθος
622 1798 694 1846 καὶ
720 1797 878 1886 ἀγρίων
919 1796 1118 1862 ὀρνίθων,
1136 1795 1211 1844 καὶ
1237 1796 1296 1850 εἷς
1325 1796 1531 1858 εὐδαιμο-

244 1873 337 1920 νίαν
363 1871 408 1919 δὲ
429 1874 703 1936 καταριθμῶν
728 1870 776 1917 τὸ
801 1869 878 1927 τὴν
903 1869 1127 1917 θάλασσαν
1153 1871 1274 1934 ἰχθῦς
1300 1867 1534 1932 παρέχειν,

244 1946 361 2007 ὅμως
394 1944 555 1991 τούτων
576 1944 694 1990 οὐδὲν
729 1942 877 1991 οὐδένα
901 1945 1017 1990 ποιεῖ
1050 1939 1419 2023 προσφερόμενον·
1459 1939 1534 1987 καὶ

244 2010 329 2072 μὴν
352 2011 437 2056 οὐδ’
462 2008 634 2074 ὀπώραν
659 2007 920 2074 παρατίθησί
952 2026 1035 2055 τινι
1048 2007 1245 2072 ,καίπερ
1270 2010 1401 2053 οὖσαν
1425 2007 1535 2052 πολ-

243 2082 340 2140 λὴν,
365 2081 438 2128 καὶ
464 2081 619 2138 ἥδιστα
653 2080 811 2139 ταύτης
838 2078 1118 2144 μνημονεύων
1142 2078 1218 2127 καὶ
1254 2078 1397 2126 πάντα
1431 2077 1536 2143 χρό-

243 2172 312 2200 νον
346 2154 683 2218 παρασκευάζων
719 2153 946 2201 ἀθάνατον.
994 2174 1014 2194 «
1052 2148 1231 2215 Ὅγχνη
1256 2150 1358 2216 γὰρ,
1383 2149 1535 2215 φησὶν,

244 2228 313 2273 ἐπ’
339 2225 472 2289 ὄγχνῃ
489 2247 508 2268 »
531 2225 603 2274 καὶ
625 2225 679 2272 τὰ
701 2225 810 2284 ἑξῆς.
844 2225 975 2274 Ἀλλὰ
1007 2223 1093 2287 μὴν
1118 2223 1214 2272 οὐδὲ
1239 2221 1532 2289 στεφανουμέ-

244 2317 335 2351 νους
369 2298 463 2345 οὐδὲ
499 2297 787 2363 μυρουμένους
809 2299 945 2358 ποιεῖ,
976 2296 1125 2363 ὥσπερ
1149 2294 1245 2345 οὐδὲ
1266 2299 1535 2359 θυμιῶντας,

245 2369 357 2417 ἀλλὰ
376 2370 547 2417 πάντων
569 2370 728 2418 τούτων
749 2369 951 2418 ἀπολύων
967 2368 1064 2424 τοὺς
1080 2368 1330 2434 ἀνθρώπους
1349 2369 1406 2422 εἷς
1423 2366 1537 2415 εὖτέ-

246 2519 371 2548 assam
388 2509 571 2559 apponit,
596 2509 647 2549 ab
666 2509 938 2550 immoderatis
952 2509 1144 2549 nimirum
1159 2508 1444 2559 cupiditatibus
1461 2518 1535 2547 nos

247 2574 442 2614 abducere
459 2575 634 2624 studens3
658 2577 864 2615 Nestorem
886 2575 1006 2615 etiam
1017 2605 1029 2625 ,
1050 2586 1175 2625 quum
1190 2575 1306 2624 juxta
1322 2584 1433 2613 mare
1448 2583 1536 2623 gra-

246 2639 333 2676 tum
358 2639 536 2688 Neptuno
559 2639 794 2678 sacrificium
817 2639 1065 2686 institueret,
1081 2638 1299 2678 liberorum
1321 2636 1538 2677 ministerio

249 2704 424 2741 utentem
441 2702 555 2750 facit,
575 2703 726 2743 etiamsi
745 2704 895 2743 multos
914 2703 1080 2743 liaberet
1106 2702 1230 2753 alios,
1250 2702 1320 2741 ubi
1340 2702 1399 2742 ait
1423 2717 1433 2742 ι
1459 2700 1539 2742 Sed

250 2776 347 2815 aye,
373 2766 486 2804 alius
504 2766 672 2816 quidem
690 2769 737 2806 in
753 2778 954 2817 campum
975 2767 1035 2807 ad
1051 2767 1192 2807 bovem
1210 2768 1296 2816 eat,
1319 2767 1397 2806 etc.
1430 2765 1538 2805 Alci·

246 2840 351 2867 nous
384 2829 503 2868 etiam
534 2829 764 2870 Phaeacibus
805 2831 1035 2870 deliciarum
1066 2829 1346 2870 amantissimis
1378 2830 1540 2880 epulum

251 2893 454 2942 praebens,
478 2893 518 2932 et
547 2893 697 2943 Ulyssi,
725 2905 846 2944 quem
868 2895 1038 2945 hospitio
1067 2895 1305 2945 exceperat,
1329 2893 1467 2933 hortos
1498 2895 1539 2934 et

252 2956 415 2994 domum
433 2955 640 3006 victusque
655 2957 716 2996 sui
732 2957 925 2998 rationem
944 2958 1154 2999 ostendens
1168 2958 1269 2998 tales
1284 2955 1447 3008 apponit
1466 2956 1539 2996 da-

252 3028 332 3068 pes.
367 3018 425 3058 Ad
453 3019 538 3058 haec
554 3030 708 3070 procos,
739 3020 918 3061 homines
949 3023 1175 3073 petulantes
1201 3023 1241 3062 et
1267 3021 1542 3072 voluptatibus

253 3082 618 3135 maximededitos,
634 3096 708 3125 nec
734 3086 858 3136 pisces
874 3087 966 3127 facit
992 3088 1176 3138 edentes,
1201 3098 1331 3138 neque
1358 3097 1452 3127 aves
1471 3088 1542 3126 aut

253 3148 455 3198 placentas
480 3149 646 3189 mellitas
666 3165 675 3188 z
701 3151 746 3189 ut
764 3152 896 3190 omnia
923 3152 1024 3202 gulae
1053 3152 1302 3192 irritamenta
1320 3150 1511 3190 aboleret.

307 3210 483 3250 Priamus
498 3221 591 3250 vero
601 3212 704 3262 apud
720 3214 876 3263 poetam
888 3215 1067 3266 obJurgat
1082 3215 1200 3255 etiam
1214 3214 1330 3264 filios,
1348 3213 1457 3265 quod
1477 3223 1539 3264 ea,

259 3284 352 3323 quac
372 3275 481 3314 nefas
503 3277 625 3325 esset,
643 3276 892 3317 absumerent
913 3293 921 3317 ι

365 3387 544 3422 agnorum
559 3381 667 3424 atque
683 3380 879 3418 hoedorum
895 3384 1029 3429 publici
1047 3388 1226 3431 raptores.

258 3476 542 3527 [Philochorus
579 3488 673 3516 vero
709 3480 908 3519 memoriae
943 3481 1135 3531 prodidit,
1168 3482 1329 3522 Athenis
1357 3493 1543 3532 quoque,

259 3552 386 3591 quum
408 3540 612 3580 defecisset
632 3541 842 3592 aliquando
865 3546 1062 3594 pecudum
1083 3557 1219 3597 genus,
1245 3546 1414 3586 vetitum
1427 3546 1545 3586 fuisse

259 3617 310 3645 ne
349 3606 440 3656 quis
470 3606 627 3645 intonso
657 3618 757 3656 agno
795 3611 1035 3650 vesceretur.
1058 3610 1073 3661 ]
1100 3614 1244 3662 Porro,
1276 3612 1370 3652 licet
1397 3612 1544 3652 Helles·

259 3670 426 3719 pontum
462 3671 677 3719 piscosum
703 3671 914 3711 nominarit
944 3675 1163 3725 Homerus,
1191 3676 1231 3714 et
1257 3675 1444 3715 Phaeacas
1470 3685 1543 3715 na·

260 3733 445 3783 vigationi
469 3733 647 3784 inprimis
665 3745 823 3784 operam
848 3736 986 3777 dantes
1008 3739 1144 3779 fecerit
1159 3770 1170 3788 ,
1191 3742 1231 3780 et
1255 3740 1295 3779 in
1321 3740 1459 3781 Ithaca
1481 3740 1546 3780 in-

259 3798 346 3836 sula
363 3797 493 3847 pluroe
508 3798 646 3847 portus
664 3799 835 3846 noverit,
850 3800 1070 3851 multasque
1083 3802 1121 3841 in
1136 3803 1360 3855 propinquo
1381 3802 1545 3856 insulas,

260 3860 300 3899 in
319 3860 464 3910 quibus
486 3860 653 3910 piscium
697 3863 738 3901 et
762 3862 999 3903 silvestrium
1027 3865 1248 3905 volucrium
1278 3878 1417 3918 magna
1445 3870 1548 3909 esset

262 3924 397 3973 copia,
414 3925 536 3973 atque
548 3923 666 3963 ctiam
683 3923 722 3962 in
740 3926 852 3974 parte
866 3926 1038 3975 quadam
1053 3928 1249 3968 felicitatis
1263 3930 1424 3970 illorum
1444 3931 1547 3970 loco·

262 3998 352 4025 rum
374 3987 615 4036 numerarii,
646 3987 752 4037 quod
774 3988 898 4037 pisces
918 4000 1026 4029 mare
1047 3991 1245 4041 praebeat3
1266 3994 1463 4034 neminem
1483 3997 1546 4034 ta-

265 4059 357 4088 mon
388 4050 538 4100 aliquid
568 4050 712 4089 horum
736 4051 1012 4091 comedentem
1047 4052 1211 4094 inducit.
1241 4055 1317 4095 Sed
1348 4067 1399 4096 ne
1428 4068 1548 4107 poma

262 4112 422 4163 quidem
465 4115 506 4153 et
552 4113 588 4152 id
636 4125 759 4163 genus
787 4115 986 4155 fructuum
1026 4118 1173 4156 mensis
1208 4117 1390 4168 imposita
1429 4121 1547 4171 facit,

264 4177 446 4226 quamvis
476 4189 546 4217 nec
572 4178 723 4219 deesset
745 4180 882 4230 copia,
909 4182 947 4220 et
976 4180 1113 4221 lubens
1144 4193 1280 4222 eorum
1306 4185 1548 4225 mentionem

1138 259 1530 310 Dioscomuls
1580 258 1994 310 FRAGMENTA.

1606 362 1724 406 λειαν
1763 359 1836 406 καὶ
1876 357 2133 421 αὐτάρκειαν
2173 355 2401 422 ἐξαιρεῖται
2436 357 2532 412 τοὺς
2563 357 2647 423 πρὸ
2677 361 2766 406 τοῦ.
2808 354 2898 408 Καὶ

1609 432 1715 484 θεοῖς
1742 431 1786 477 δὲ
1809 431 1952 487 ἁπλῆν
1977 428 2216 476 ἀποδίδωσι
2233 429 2427 489 δίαιταν,
2449 430 2609 496 νέκταρ
2632 431 2706 478 καὶ
2731 431 2898 496 ἀμὸροδ
3003 479 3010 486 ,

1608 503 1722 551 σίαν.
1757 502 1845 551 Καὶ
1869 499 1963 555 τοὺς
1988 500 2234 565 ἀνθρώπους
2265 501 2309 548 δὲ
2345 505 2461 550 ποιεῒ
2491 506 2707 566 τιμῶντας
2745 502 2898 557 αὐτοὺς
2962 500 2964 502 ’

1608 575 1695 622 ἀπὸ
1727 578 1803 632 τῆς
1837 573 2030 636 διαίτης,
2052 573 2223 639 ἀφελὼν
2247 573 2488 622 λιὸανωτὸν
2508 575 2584 623 καὶ
2607 575 2802 641 σμύρναν
2822 577 2919 624 zati*
3013 638 3014 641 Ἴ

1607 645 1838 712 στεφάνους
1861 646 1935 693 καὶ
1956 645 2035 703 τὴν
2058 645 2158 710 περὶ
2176 651 2315 695 ταῦτα
2334 646 2516 713 τρυφήν.
2550 647 2639 695 Καὶ
2657 651 2734 706 τ’ἧς
2757 647 2918 706 ἁπλῆς
2965 676 2968 682 ·-
3002 669 3013 694 ν

1609 716 1654 763 δὲ
1674 715 1834 774 ταύτης
1851 716 2017 774 διαίτης
2037 719 2115 764 οὐκ
2132 717 2363 776 ἀπλήστως
2377 718 2675 775 ἀπολαύοντας
2689 719 2900 786 παρίστη·

1608 808 1700 847 σιν,
1729 790 1827 836 ἀλλ’
1853 791 1911 843 ὣς
1941 790 1980 836 οἳ
2003 788 2228 855 κράτιστοι
2249 794 2334 839 τῶν
2370 793 2529 857 ἰατρῶν
2553 794 2786 858 ἀφαιροῦσι
2817 790 2898 846 τὰς

1607 859 1879 928 πλησμονάς.

1711 968 1835 1019 Αὐτὰρ
1852 967 1934 1007 ἐπεὶ
1957 968 2094 1014 πόσιος
2110 969 2176 1008 καὶ
2198 969 2353 1017 ἐδητύος
2374 970 2412 1016 ἐξ
2433 970 2517 1021 ἔρον
2538 970 2648 1015 ἕντο,

1606 1060 1681 1108 καὶ
1698 1059 1774 1118 τὴν
1796 1059 2025 1124 ἐπιθυμίαν
2045 1062 2353 1127 πληρώσαντες
2369 1065 2407 1111 οἱ
2429 1062 2505 1126 μὲν
2523 1062 2726 1126 ἐξώρμων
2741 1062 2812 1111 ἐπὶ
2829 1083 2901 1127 με·

1605 1132 1735 1192 λέτην
1761 1130 2022 1192 ἀθλητικὴν,
2057 1133 2238 1181 δίσκοισι
2262 1134 2519 1199 τερπόμενοι
2553 1135 2628 1182 καὶ
2652 1132 2900 1198 αἰγανέαις,
2962 1171 2963 1175 ,
3002 1188 3009 1197 .

1606 1210 1659 1270 τῇ
1684 1207 1838 1271 παιδιᾷ·
1863 1205 1918 1253 τὰ
1942 1205 2048 1270 πρὸς
2072 1206 2262 1265 σπουδὴν
2291 1209 2625 1270 ἐκμελετῶντες·
2646 1210 2685 1255 οἱ
2712 1207 2758 1255 δὲ
2780 1212 2901 1256 κιθα-

1613 1280 1760 1344 ρῳδῶν
1791 1281 2012 1344 ἠκροῶντο
2045 1279 2121 1333 τὰς
2155 1278 2345 1345 ἡρωικὰς
2377 1280 2552 1346 πράξεις
2591 1282 2635 1328 ἐν
2668 1280 2789 1344 μέλει
2826 1282 2902 1330 καὶ
2960 1271 2961 1274 ¹

1611 1353 1759 1417 ῥυθμω
1776 1350 2030 1398 ποιούντων

1673 1424 1751 1472 Διὸ
1794 1421 1914 1471 οὐδὲν
1957 1422 2236 1514 θαυμαστὸν,
2280 1424 2378 1479 τους
2423 1424 2535 1472 ουτω
2580 1422 2903 1491 τεθραμμένους
3001 1433 3008 1479 ξ

1609 1496 1957 1571 ἀφλεγμάντους
1958 1500 2066 1543 εἶναι
2094 1496 2149 1542 τὰ
2181 1496 2368 1560 σώματα
2390 1496 2466 1544 καὶ
2489 1497 2567 1552 τὰς
2586 1496 2744 1587 ψυχάς.
2795 1497 2904 1547 'Ev-
2960 1547 2962 1550 ,

1609 1569 1879 1633 δεικνύμενος
1909 1572 1980 1617 οὖν
2004 1588 2079 1616 και
2103 1567 2182 1626 τὴν
2208 1569 2453 1624 εὐταξίανε
2430 1589 2488 1624 ως
2508 1570 2690 1634 ὑγιεινόν
2718 1571 2810 1617 ἐστι
2828 1569 2905 1618 καὶ

1608 1642 1847 1732 εὔχρηστον
1875 1641 1952 1690 καὶ
1993 1641 2156 1702 κοινὸν,
2185 1641 2258 1690 τὸν
2296 1641 2547 1708 σοφώτατον
2584 1642 2785 1707 Νέστορα
2817 1661 2902 1690 πε-

1606 1714 1761 1773 ποίηκε
1804 1714 2012 1778 Μαχάονι
2058 1717 2121 1790 tt}
2174 1716 2311 1779 ἷατρω
2354 1713 2611 1780 τετρωμένῳ
2649 1714 2723 1762 τὸν
2769 1713 2904 1771 δεξιὸν
2958 1755 2959 1758 ,
3001 1720 3003 1722 ’

1609 1790 1729 1850 ὠμον
1750 1786 2050 1853 προσφέροντα
2074 1791 2209 1847 οἶνον,
2232 1794 2327 1842 ταῖς
2350 1788 2654 1851 φλεγμοναῖς
2634 1786 2904 1834 εναντιώτα-

1608 1879 1682 1907 τον
1718 1859 1822 1907 ὄντα
1842 1887 1908 1894 -
1935 1858 2011 1907 καὶ
2045 1878 2194 1907 τουτον
2228 1859 2506 1925 Πράμνειον,
2531 1858 2578 1907 ὃν
2610 1858 2733 1921 ἴδμεν
2757 1857 2904 1924 παχυν

1609 1932 1684 1980 καὶ
1709 1930 2055 1997 πολύτροφον-
2068 1933 2115 1979 οὗ
2133 1931 2347 1998 διψήσεως
2362 1932 2489 1991 ἄκος,
2507 1933 2604 1980 ἀλλ’
2627 1931 2906 1998 ἐμφορήσεως

1610 2003 1759 2052 ἕνεκα·
1791 2003 2015 2052 πεπωκότι
2044 2009 2145 2069 γοῦν
2177 2005 2523 2071 παρακελεύεται
2544 2008 2752 2091 ,συνεχῶς
2780 2009 2908 2052 τοῦτο

1611 2096 1771 2124 ποιειν·
1800 2099 1821 2120 «
1847 2076 1912 2126 Συ
1939 2076 2040 2140 μὲν,
2078 2096 2213 2143 φησι,
2248 2077 2489 2141 καθήμενος
2511 2080 2624 2127 πῖνε.
2649 2099 2670 2119 ¹·
2698 2075 2826 2125 Koet'
2807 2094 2906 2124 επι-

1614 2149 1764 2206 ξύοντα
1784 2149 1909 2216 τυρὸν
1931 2150 2120 2214 αἴγειον,
2148 2150 2222 2198 ἐπὶ
2246 2149 2291 2197 δὲ
2315 2150 2502 2215 κρόμυον
2525 2169 2659 2197 ποτου
2679 2149 2810 2216 ὄψον,
2833 2148 2905 2196 ἵνα

1613 2223 1758 2270 πλεῖον
1781 2222 1883 2287 πίνη
1898 2259 1910 2282 ,
1941 2222 2082 2270 καίτοι
2107 2224 2338 2287 ἀλλαχοῦ
2325 2221 2462 2285 Λέγων
2494 2221 2566 2269 τὸν
2589 2226 2702 2270 οἶνον
2736 2221 2909 2268 ἐκλύειν

1611 2294 1718 2353 τὴν’
1707 2294 1828 2359 ισχυν
1841 2295 1952 2342 καὶ’
1929 2299 2179 2359 απογυιοῧν.
2203 2294 2313 2360 Περι
2329 2294 2375 2342 δὲ
2389 2313 2462 2342 του
2479 2293 2694 2360 εΈκτορος
2711 2291 2909 2352 Ἕκάὸη,
2951 2307 2954 2310 ’
2999 2298 3002 2299 ’

1612 2366 1787 2430 οἰομένη
1818 2366 1959 2430 μένειν
1981 2367 2109 2414 αὐτὸν
2142 2366 2191 2414 τὸ
2213 2366 2583 2430 καταλειπόμενον
2609 2370 2686 2424 τῆς
2711 2364 2907 2431 ἡμέρας,
2944 2391 2950 2399 „

1610 2507 1747 2546 fecerit
1765 2496 1883 2557 poeta
1898 2537 1909 2556 ‚
1927 2509 1967 2546 et
1985 2507 2098 2546 nullo
2117 2508 2298 2557 tempore
2318 2506 2659 2546 intermorientem
2690 2504 2911 2546 eorundem

1610 2572 1852 2621 proventum
1865 2570 1984 2611 fuisse
2008 2570 2390 2621 prodiderIt,quum
2418 2570 2500 2620 ait,
2526 2573 2647 2620 Pyra
2673 2569 2908 2610 succedunt

1609 2640 1753 2688 pyris,
1771 2639 1812 2678 et
1827 2648 1919 2688 quae
1935 2638 2173 2688 sequuntur.
2197 2639 2321 2676 Porro
2339 2647 2415 2676 nec
2433 2636 2612 2686 coronis,
2633 2645 2710 2675 nec
2726 2644 2907 2685 unguen·

1614 2702 1691 2751 iis,
1712 2712 1788 2741 nec
1813 2701 2137 2741 suffimentorum
2157 2691 2347 2740 odoribus
2361 2702 2520 2740 utentes
2548 2700 2658 2739 facit.
2681 2698 2761 2740 Sed
2779 2698 2909 2746 omni·

1615 2767 1693 2807 bus
1719 2767 1780 2807 bis
1799 2767 1948 2807 deliciis
1970 2766 2149 2806 eximens
2171 2766 2375 2815 homines,
2398 2765 2440 2804 in
2462 2765 2687 2805 libertatem
2713 2774 2762 2804 ae
2786 2763 2908 2804 vitam

1614 2831 1752 2881 paucis
1765 2832 1997 2870 contentam
2013 2860 2024 2879 ,
2050 2829 2271 2880 praesertim
2297 2840 2408 2879 reges
2423 2828 2610 2868 vindicat.
2639 2829 2771 2878 Atque
2785 2827 2908 2868 etiam

1612 2894 1688 2934 diis
1720 2894 1940 2944 simplicem
1968 2893 2111 2933 tribuit
2146 2892 2298 2932 vietum
2315 2922 2327 2941 ,
2351 2893 2492 2932 nectar
2514 2892 2555 2931 et
2574 2891 2828 2931 ambrosiam.
2857 2892 2909 2931 Et

1616 2958 1795 2998 homines
1811 2957 1963 2997 inducit
1978 2957 2028 2996 de
2046 2957 2226 3007 ipsorum
2245 2955 2358 2996 victu
2379 2955 2468 2995 illos
2487 2955 2752 3004 honorantes,
2768 2954 2908 3006 procui

1613 3022 1799 3072 ablegans
1813 3022 1933 3060 thura
1945 3051 1956 3070 ‚
1974 3021 2178 3071 myrrham
2191 3050 2202 3068 ,
2220 3029 2387 3059 coronas
2397 3049 2409 3069 ,
2426 3018 2602 3069 aliasque
2622 3018 2665 3057 in
2679 3018 2756 3057 boe
2768 3028 2911 3068 genere

1613 3086 1789 3126 delicias.
1809 3091 1866 3126 Ac
1882 3097 1932 3126 ne
1943 3086 2030 3136 ipso
2047 3084 2296 3136 quidemillo
2311 3085 2423 3124 victu
2435 3083 2736 3123 immoderatius
2751 3083 2911 3123 utentes

1613 3150 1766 3190 inducit
1795 3166 1804 3190 :
1822 3149 1911 3195 sed,
1935 3149 2043 3200 quod
2062 3148 2375 3200 praestantissimi
2392 3147 2544 3188 faciunt
2561 3145 2728 3197 medici,
2743 3144 2908 3187 nimiam

1613 3214 1785 3254 detrahit
1806 3213 2107 3265 plenitudinem.

1660 3319 1859 3364 Postquam
1873 3320 2044 3364 exempta
2060 3316 2176 3353 rames
2190 3315 2326 3362 epulis,
2346 3323 2556 3360 mensaeque
2573 3315 2726 3350 remotae
2737 3340 2747 3356 ,

1618 3422 1829 3471 postquam
1863 3419 1941 3459 cibi
1968 3421 2167 3470 potusque
2199 3416 2438 3458 desiderium
2470 3414 2721 3465 explessent,
2754 3412 2823 3454 alii
2855 3411 2907 3454 ad

1615 3484 1735 3524 ludos
1761 3484 1972 3524 athleticos
1990 3483 2180 3531 exibant,
2203 3481 2321 3521 discis
2336 3480 2561 3531 Jaculisque
2585 3472 2908 3525 seoblectante'u,

1617 3550 1658 3588 et
1681 3548 1835 3587 ludicro
1862 3538 2162 3587 illo'certamine
2176 3545 2227 3584 ad
2252 3543 2357 3585 seria
2381 3553 2467 3583 sese
2484 3541 2716 3582 exercentes
2738 3555 2748 3579 :
2767 3536 2834 3580 alii
2850 3539 2909 3580 ci·

1617 3611 1822 3652 thaioedos
1841 3610 2082 3659 audiebant,
2102 3610 2270 3650 heroum
2288 3617 2351 3647 res
2365 3607 2492 3657 gestas
2511 3602 2640 3644 modis
2657 3603 2910 3655 numerisque

1621 3678 1891 3727 exsequentes.
2888 3652 2919 3686 κ

1672 3742 1806 3786 Quare
1838 3738 1894 3778 nil
1915 3738 2085 3785 mirum,
2104 3736 2174 3776 tali
2201 3735 2320 3775 modo
2351 3716 2545 3774 enutritos
2573 3742 2648 3773 nec
2681 3730 2855 3783 corpori

1620 3805 1870 3854 turgescere,
1900 3812 1974 3842 nec
2008 3800 2164 3840 animis.
2195 3797 2428 3849 significans
2459 3796 2580 3848 igitur
2609 3795 2750 3846 etiam,
2788 3801 2885 3845 qua
2912 3813 2917 3832 ι

1619 3867 1789 3907 salubris
1818 3866 1892 3916 sit,
1923 3874 2124 3915 quamque
2158 3863 2240 3903 late
2281 3863 2481 3913 patentem
2518 3860 2734 3900 utilitatem
2766 3858 2837 3899 ha
2856 3864 2916 3902 >1²1

1620 3930 1826 3970 moderata
1851 3929 1960 3977 vita,
1985 3927 2317 3978 sapientissimum
2348 3926 2554 3966 Nestorem
2583 3921 2792 3965 Machaoni

1620 3994 1733 4044 dico,
1753 4003 1880 4044 quum
1905 3991 1946 4030 in
1962 3990 2127 4031 dextero
2150 3990 2317 4029 humero
2329 3989 2475 4028 vulnus
2500 3987 2737 4039 accepisset,
2758 3987 2885 4045 vinu!
2910 4015 2915 4027 ι

1622 4058 1888 4110 porrigentem
1907 4056 2082 4104 inducit,
2106 4054 2222 4106 'quod
2252 4056 2312 4095 est
2341 4054 2566 4095 tumoribus
2595 4051 2901 4093 inflammatio

1621 4122 1777 4174 busque
1798 4122 1969 4163 maxime
1993 4119 2239 4160 contrarium
2254 4149 2266 4168 ,
2294 4118 2472 4169 illudque
2491 4118 2771 4163 Pramnium,
2801 4126 2827 4166 q
2857 4165 2874 4179 ·.
2899 4153 2946 4174 τι,

1622 4187 1808 4227 novimus
1839 4195 2014 4225 crassum
2049 4194 2133 4223 csse
2160 4182 2412 4234 multumque
2441 4182 2568 4230 alere;
2601 4182 2641 4220 et
2670 4179 2711 4220 id
2750 4177 2860 4230 quid
2889 4191 2913 4234 „j
