3016 4628
16 387 392 462 'faminiam
419 394 520 441 Τῶν
550 391 607 440 δὲ·
639 394 1067 457 ποιητῶνςΧοιρίλον
1088 396 1164 457 μὲν
1205 397 1271 444 ἀεὶ
1300 398 1412 464 περὶΥ

49 460 240 531 ’[ἀὺτὸν
261 455 375 528 εἶχεν
398 466 454 518 ὥς
476 463 752 527 κοσμήσοντα
770 463 846 520 τὰς
860 465 1034 530 πράξεις
1053 466 1123 514 διὰ
1150 473 1400 528 ποιητικῆς,

50 533 346 605 Ῑ’Ῑῗῗᾼντιλόχῳ
365 533 411 582 δὲ
431 534 658 592 ποιήσαντι
676 535 868 601 μετρίους
883 536 1000 591 τινὰς
1015 539 1072 592 εἰς
1089 538 1215 586 αὐτὸν
1233 539 1402 604 στίχους

0 651 45 675 Μ
63 603 257 678 ἶζῇσθεὶς
276 606 407 653 ἔδωκε
426 605 598 664 πλήσας
617 607 820 672 ἀργυρίου
840 607 911 655 τὸν
930 609 1070 658 πῖλον.
1145 610 1401 675 Ἀντιμάχου

0 679 1 686 ’
32 694 33 697 ’
79 677 161 735 ,1ss
181 682 253 726 τοῦ
275 676 547 742 Κολοφωνίου
570 678 645 725 καὶ
679 678 925 743 Νικηράτου
956 679 1067 734 τινὸς
1098 681 1400 746 Ἡρακλεώτου

21 741 45 806 '-
62 748 325 813 -ξποιήματι
361 743 609 813 Λυσάνδρια
649 750 1024 813 διαγωνισαμένων
1062 753 1128 799 ἐπ’
1164 755 1292 801 αὐτοῦ
1330 754 1401 801 τὸν

17 855 34 870 ;.
116 820 362 885 Νικήρατον
401 818 711 885 ἐστεφάνωσεν,
753 824 776 868 ὁ
811 820 855 868 δὲ
898 821 1148 888 Ἀντίμαχος
1185 825 1403 888 ἀχθεσθεὶς

66 891 103 956 '³'
114 891 295 959 ἠφάνισε
319 891 368 940 τὸ
385 890 568 954 ποίημα.
636 891 824 941 Πλάτων
846 893 891 940 δὲ
918 893 1008 949 νέος
1026 895 1086 943 ὢν
1102 896 1195 943 τότε
1213 897 1285 944 καὶ
1302 901 1416 945 θαυ-·

35 982 38 986 ·
63 959 98 1028 ,fr
116 959 263 1026 μάζων
281 961 353 1011 τὸν
369 961 624 1026 Ἀντίμαχον
649 963 718 1011 ἐπὶ
738 967 792 1029 τῇ
810 970 1013 1030 ποιητικῇ
1037 966 1201 1032 βαρέως
1223 967 1402 1033 φέροντα

24 1034 193 1095 ζεῖ-’ζζῃτὴν
215 1028 348 1093 ἧτταν
371 1033 645 1097 ἀνελάμὸανε
668 1034 742 1082 καὶ
765 1041 1054 1101 παρεμυθεῖτο
1087 1046 1173 1093 τοῖς
1207 1041 1404 1102 ἀγνοοῦσι

28 1099 35 1152 s
45 1103 83 1153 2}
103 1105 246 1157 ’κακὸν
267 1098 375 1154 εἶναι
392 1106 578 1173 φάμενος
594 1106 671 1165 τὴν
692 1106 886 1171 ἄγνοιαν,
902 1108 1050 1176 ὥσπερ
1070 1110 1146 1168 τὴν
1162 1110 1404 1176 τυφλότητα

28 1187 95 1244 Ὶ-’ῘῖῑιΙ
114 1182 203 1235 τοῖς
237 1179 297 1242 μὴ
329 1178 574 1244 βλέπουσιν.
644 1179 771 1229 Ἐπεὶ
804 1181 948 1243 μέντοι
979 1186 1002 1230 ὁ
1036 1184 1266 1249 κιθαρῳδὸς
1292 1184 1402 1248 Ἀρι-

314 1250 453 1307 ἑξάκις
475 1251 619 1301 Πύθια
642 1253 873 1311 νενικηκὼς
905 1255 1193 1319 ἐπηγγέλλετο
1223 1259 1283 1319 τῷ
1312 1260 1404 1304 Λυ-

58 1326 66 1338 ²
91 1319 286 1389 ’σάνδρῳ
309 1322 709 1390 φιλοφρονούμενος,
723 1323 774 1371 ἂν
798 1324 952 1389 νικήσῃ
974 1327 1120 1386 πάλιν,
1156 1326 1405 1391 Λυσάνδρου

86 1392 91 1401 ’
107 1394 309 1459 ’κηρύξειν
332 1395 500 1457 ἑαυτὸν,
528 1417 548 1437 «ι
571 1387 633 1443 “ss
660 1397 832 1460 δοῦλον;
851 1419 869 1438 1·
892 1390 1023 1446 εἶπεν.

28 1516 34 1531 .›
62 1465 93 1525 s
180 1468 538 1526 AfficnaeusXV,
554 1484 606 1529 p.
631 1468 792 1528 696‚E
812 1485 822 1513 ε
843 1469 936 1517 Οὔκ
959 1467 1048 1533 ἔχει
1069 1470 1104 1515 δ’
1125 1470 1204 1531 (sc.
1224 1487 1409 1516 carmen

26 1541 176 1603 f-ssss'ab
214 1541 460 1586 Aristotele
490 1542 544 1585 in
571 1543 819 1587 Hermeam
851 1545 1147 1588 Atarnensem
1173 1545 1407 1604 composi-

77 1672 80 1681 λ
117 1612 232 1674 tum)
261 1609 356 1658 οὐδὲ
378 1609 427 1658 τὸ
449 1610 676 1658 παιανικὸν
696 1610 940 1677 ἐπίρρημα,
965 1612 1159 1679 καθάπερ
1183 1616 1204 1660 ὁ
1228 1616 1286 1667 εἷς
1318 1614 1407 1662 Λύ-

117 1684 297 1748 σανδρον
348 1681 419 1730 τὸν
468 1682 751 1748 Σπαρτιάτην
785 1684 963 1749 γραφεὶς
998 1685 1128 1738 ὄντως
1165 1685 1322 1746 παιὰν,
1363 1687 1408 1733 ὅν

31 1758 86 1821 tf„
118 1771 224 1820 φησι
247 1757 402 1818 Δοῦρις·
439 1755 483 1801 ἐν
520 1760 606 1808 τοῖς
643 1755 824 1817 Σαμίων
867 1754 1220 1821 ἐπιγραφομένοις
1256 1756 1410 1823 εὨροις

31 1831 98 1892 ’,ῃ-,ᾗ
119 1824 297 1892 ᾄδεσθαι
320 1827 363 1873 ἐν
387 1825 548 1890 Σάμῳ.
1129 1834 1132 1836 ’

43 1911 90 1928 ³
183 1901 255 1946 De
272 1900 559 1957 honoribus,
586 1899 755 1959 quibus
774 1900 1063 1959 Lysandrum
1086 1899 1228 1946 Samii
1245 1903 1408 1948 affece-

30 1979 46 2037 ζ
118 1973 238 2028 rint,
261 1987 308 2019 v.
329 1971 537 2017 Panofka
554 1972 586 2015 l.
628 1972 658 2016 l.
680 1987 730 2031 p.
758 1971 834 2029 73.
856 2005 915 2012 -
934 1974 1208 2018 Antilochus
1224 1975 1409 2020 aliunde

32 2037 34 2066 ’
64 2056 86 2091 -··.
117 2060 218 2091 non
232 2045 387 2090 notus,
401 2045 641 2089 Niceratus
651 2045 734 2088 iste
750 2053 1036 2089 memoratur
1046 2046 1321 2105 Praxiphani
1334 2062 1407 2106 ap.

38 2110 99 2152 ’ἶ
115 2117 373 2179 Marcellin.
389 2117 480 2162 Vit.
501 2116 646 2162 Thuc.
671 2115 731 2160 30
755 2124 801 2160 et
829 2117 1065 2162 Aristoteli
1093 2118 1286 2164 Rhetor.
1319 2120 1405 2174 ΙΙΙ,

35 2184 201 2254 γ,·Ἰ.«(”ιι.
236 2209 256 2230 «
278 2188 543 2234 Antimachi
566 2203 675 2232 cum
695 2189 912 2233 Nicerato
939 2197 1194 2244 certamen,
1217 2189 1276 2234 de
1312 2206 1407 2249 quo

35 2260 183 2311 h:
206 2261 239 2309 l.
280 2262 448 2321 agitur,
487 2261 654 2304 initum
691 2275 784 2304 esse
819 2275 915 2320 quo
942 2269 1151 2321 tempore
1175 2263 1409 2321 Lysander

120 2350 228 2379 cum
247 2335 460 2394 Agesilao
476 2334 526 2377 in
551 2332 656 2378 Asia
671 2348 771 2377 rem
790 2342 995 2393 gereret,
1025 2333 1214 2392 conjicit
1227 2335 1409 2379 Naekius

39 2431 41 2433 ·
79 2406 180 2469 ‚jde
217 2405 402 2451 Choeril.
421 2422 471 2466 p.
498 2403 586 2460 5.o;
617 2404 698 2450 sed
726 2420 825 2449 non
858 2405 1119 2465 persuadet.
1161 2404 1406 2468 Λυσάνδρια

118 2479 246 2536 enim
262 2479 364 2537 quis
376 2478 487 2522 alibi
504 2477 661 2536 potius
677 2476 908 2521 celebrata
923 2476 1056 2521 fuisse
1071 2477 1229 2521 credat
1240 2511 1253 2533 ‚
1270 2493 1407 2536 quam

50 2586 52 2590 ,
119 2551 170 2595 in
192 2551 290 2611 ipsa
305 2549 473 2595 Samo?
491 2548 616 2593 Illud
631 2549 774 2608 igitur
797 2556 1031 2592 certamen
1046 2564 1143 2592 non
1159 2548 1220 2592 ad
1236 2550 1408 2594 seriora

54 2638 105 2676 :-
122 2631 334 2683 tempora
357 2621 580 2680 referam,
604 2620 686 2664 sed
719 2619 780 2664 ad
816 2619 1039 2664 festorum
1072 2621 1407 2666 institutionem

17 2741 20 2748 *
122 2693 362 2754 Lysandro
385 2709 543 2738 coram
562 2692 691 2737 domi
714 2707 739 2736 a
759 2693 919 2737 Samiis
943 2701 1178 2749 actorum;
1204 2693 1334 2752 quod
1356 2703 1408 2738 ut

42 2774 88 2829 j*
104 2760 106 2762 ’
125 2766 384 2812 declararet
421 2765 694 2810 Plutarchus
719 2764 902 2809 addidit
942 2765 1012 2810 ἐπ’
1051 2764 1186 2828 αὐτῷ.
1239 2783 1259 2805 »
1300 2767 1407 2810 Haec

122 2839 427 2890 Hullemanus
435 2838 697 2883 rectissime.
716 2836 930 2882 Ceterum
944 2853 1045 2896 quae
1067 2838 1125 2881 de
1134 2839 1408 2882 Antimacho

57 2957 79 2964 ,,
118 2918 173 2955 τοι
188 2911 381 2955 Platone
405 2911 451 2955 h.
486 2910 520 2955 l.
547 2918 797 2953 narrant-ur
824 2910 1138 2953 commentitia
1160 2924 1252 2954 esse
1285 2910 1410 2954 haud

42 2996 93 3036 1'.·
119 2975 221 3025 ‚sine
243 2990 376 3020 causa
397 2983 604 3020 statuunt
619 2973 852 3019 Welcker.
871 2975 921 3017 in
940 2975 1065 3033 Cycl.
1087 2976 1228 3019 Hom.
1247 2990 1295 3034 p.
1322 2975 1409 3019 106

124 3055 172 3095 et
191 3047 401 3094 Diibner.
424 3046 486 3091 ad
507 3046 834 3091 Antimachum
851 3061 900 3105 p.
922 3061 1000 3105 29.

53 3203 65 3250 Ι·
78 3155 233 3234 frunt.
249 3186 310 3224 Ex
329 3183 454 3235 poetis
475 3183 558 3234 ipse
588 3183 807 3224 choerilum
833 3193 987 3233 semper
1001 3170 1137 3223 secu‘m
1167 3184 1327 3232 habuit,
1344 3185 1413 3234 qui

74 3248 303 3288 ‘'cat-mine
335 3257 400 3287 res
427 3246 516 3297 ejus
543 3247 671 3296 gestas
689 3247 899 3286 exornaret
924 3261 933 3285 ε
964 3246 1196 3296 Antilocho,
1227 3247 1335 3297 quod
1364 3247 1415 3287 de

126 3375 288 3425 argento
318 3372 496 3422 replevit.
522 3372 760 3412 Antimacho
781 3371 1026 3422 Colophonio
1052 3374 1094 3412 et
1119 3373 1300 3412 Nicer-ato
1319 3385 1414 3423 quo·

115 3428 220 3480 <fixam
236 3439 467 3480 Heracleota
485 3436 700 3488 Lysandria
728 3438 909 3488 poemate
924 3437 1218 3477 decertantibus
1248 3438 1331 3488 ipso
1353 3438 1416 3488 Ju-

51 3496 243 3559 Rfsdice,
265 3502 492 3543 Niceratum
510 3500 735 3549 coronavit;
759 3500 1014 3540 Antimachus
1038 3499 1303 3550 indignatione
1327 3511 1413 3539 mo-

52 3563 197 3611 'tus
221 3575 366 3619 poema
386 3571 503 3605 suum
521 3564 707 3604 abolevit.
729 3563 842 3603 Plato
858 3566 1015 3611 autem,
1038 3564 1197 3613 juvenis
1218 3565 1322 3613 tum,
1347 3564 1417 3603 mi-

50 3628 55 3633 ’
93 3630 242 3677 ’.τοῖος
255 3628 535 3670 Antimachum
563 3627 734 3678 graviter
753 3627 856 3667 serre
882 3627 990 3677 quod
1019 3627 1060 3665 in
1077 3637 1120 3666 re
1145 3627 1297 3677 poetica
1316 3626 1416 3666 esset

58 3684 86 3712 '·
102 3719 112 3729 η,
126 3693 361 3744 ἐιμι-οἴω,
391 3691 618 3741 consolatus
637 3701 730 3730 eum
755 3692 816 3730 est
833 3689 1108 3740 ostenditque,
1133 3689 1415 3739 ignorationem

89 3749 111 3786 f
131 3755 180 3797 iis
194 3755 340 3807 quibus
354 3755 499 3795 inesset
511 3756 667 3794 tantum
688 3764 830 3793 nocere
843 3782 855 3802 ‚
865 3753 969 3793 sicut
986 3753 1204 3792 caecitatem
1221 3752 1266 3792 iis
1282 3751 1415 3801 modo,

128 3819 204 3877 qni
221 3820 326 3872 capti
347 3819 566 3860 luminibus
589 3821 732 3859 essent.
764 3822 916 3859 Verum
934 3818 1163 3858 Aristonous
1178 3816 1419 3856 citharoedus

52 3883 114 3944 ’.ᾖξ’-Ι,
130 3896 259 3941 quum
279 3885 407 3926 sexies
437 3884 596 3925 vicisset
625 3885 765 3936 Pythia
794 3885 835 3924 et
860 3883 1060 3934 Lysandro
1086 3882 1290 3922 blandiens
1318 3883 1417 3921 oeset

58 3938 354 4006 spollicitus,
373 3949 407 3990 si
423 3958 564 3989 rursus
579 3949 759 3998 vicisset,
780 3947 971 3999 Lysandri
989 3957 1073 3987 sese
1088 3955 1174 3986 esse
1190 3945 1415 3996 pronuntia·

285 4043 298 4064 ‚
316 4016 406 4054 tum
417 4013 484 4054 ille
499 4028 520 4048 «ι
533 4015 635 4053 Num
654 4023 813 4054 servum
825 4016 843 4052 Ρ
863 4029 883 4048 »
903 4013 1045 4062 inquit.

56 4067 127 4146 543
185 4080 323 4129 Neque
335 4078 452 4119 etiam
476 4078 692 4129 poeanicam
706 4078 1033 4119 exclamationem
1052 4078 1128 4126 (10
1146 4075 1418 4126 Poean1)lia-

91 4135 204 4190 jbet
219 4143 296 4190 hoc
311 4153 470 4183 carmen
483 4171 495 4193 ,
514 4142 851 4194 quemadmodum
878 4143 944 4183 ille
970 4141 1010 4181 in
1029 4140 1272 4191 Lysandrum
1306 4142 1417 4190 Spai-

101 4206 274 4251 mum
291 4205 460 4257 scriptiis
484 4216 604 4252 verus
617 4217 754 4257 paean,
774 4217 891 4257 quem
916 4205 1032 4246 Duris
1047 4205 1087 4244 in
1111 4203 1331 4245 Samiorum
1348 4212 1418 4244 an·

56 4262 295 4335 „indibus
311 4269 367 4311 ait
384 4270 492 4317 Sami
504 4271 598 4316 cani
616 4270 790 4318 solitum.
1085 4291 1088 4294 .

55 3350 57 3355 Α
86 3298 211 3362 ἤρου
225 3309 444 3350 mediocres
458 3309 612 3360 aliquot
626 3320 764 3349 versus
777 3309 992 3359 scripsisset
1002 3339 1014 3359 ,
1031 3309 1252 3349 oblectatus
1269 3310 1414 3360 pileum
1448 3320 1453 3338 ⁵

1286 292 1692 344 FRAGMENTA.
2646 324 2740 361 aas

2069 410 2146 457 66.

1544 498 1692 556 Etym.
1723 500 1765 542 Μ
1796 514 1805 542 :
1835 496 1956 552 Ἰήιος
1995 499 2037 545 δὲ
2062 503 2084 546 ὁ
2106 502 2315 550 Ἀπόλλων
2353 505 2543 568 λέγεται,
2579 514 2634 564 ὼς
2666 513 2742 573 μὲν

1477 567 1647 628 Δοῦρις,
1684 567 1746 612 δτι
1781 568 1823 613 ἐν
1860 568 2066 629 ἀγκάλαις
2106 572 2356 630 βαστάσασα
2382 579 2450 623 τὸν
2488 579 2605 634 Ιἥλιον
2642 583 2741 640 (scr.

1478 634 1740 699 Ἀπόλλωνα)
1755 640 1781 694 ἡ
1798 637 1928 694 Λητὼ
1942 640 2237 690 ἕνεκελεύσατο
2250 646 2422 692 εἰποῦσα
2434 667 2443 676 ·
2454 648 2554 704 Ἰήιε
2570 655 2739 708 παιῆον.

1543 707 1690 771 ἥλιον]
1717 720 1870 755 ortum
1894 727 1949 756 ex
1973 714 2103 772 signo
2120 748 2131 768 ‚
2156 732 2248 774 quo
2269 734 2435 764 nomen
2463 724 2683 780 Apollinis
2702 727 2747 770 in

1484 780 1626 824 codd.
1651 783 1815 841 passim
1840 794 2070 830 exaratur.
2096 789 2148 828 V.
2168 788 2348 835 Miiller.
2370 793 2474 837 Dor.
2500 795 2547 845 1,
2565 810 2608 852 p.
2637 796 2745 845 315.

1479 860 1524 894 et
1539 851 1652 909 298;
1673 854 1922 900 Weichert.
1940 853 2046 898 Leb.
2066 857 2111 900 cl.
2134 860 2347 916 Apollon.
2373 876 2417 918 p.
2442 869 2522 919 [093
2543 866 2745 911 Lobeck.

1480 923 1707 982 Aglaopli.
1740 939 1789 983 p.
1843 924 1979 979 1354.
2020 928 2276 972 Illustratur
2310 931 2612 989 fragmentum
2646 937 2749 979 loco

1479 994 1685 1039 Athenaei
1702 996 1803 1050 XV,
1828 1011 1877 1056 p.
1917 1012 2027 1052 701,
2062 999 2120 1051 C,
2147 999 2226 1042 ubi
2252 1000 2494 1047 Clearchus
2530 1008 2752 1064 scripsisse

1481 1065 1651 1110 dicitur
1671 1063 1747 1121 τὴν
1772 1064 1903 1122 Λητὼ
1926 1068 1973 1113 ἐκ
1997 1067 2210 1121 Χαλκίδος
2230 1072 2305 1125 τ’ἧς
2342 1071 2520 1126 Effluit<
2544 1076 2743 1134 α’νακομί·

1482 1137 1633 1191 ζουσαν
1659 1138 1715 1190 εἷς
1748 1136 1935 1202 Δελφοὺς
1962 1138 2206 1185 Ἀπόλλωνα
2229 1140 2301 1187 καὶ
2326 1139 2540 1205 Ἄρτεμιν,
2564 1147 2752 1206 γίνέσθαι

1482 1205 1600 1271 παρὰ
1619 1206 1668 1254 τὸ
1686 1211 1760 1254 τοῦ
1785 1209 2007 1266 κληθέντος
2033 1210 2233 1264 Πύθωνος
2252 1213 2477 1270 σπήλαιον.
2517 1216 2604 1264 Καὶ
2632 1235 2754 1279 φερο-

1484 1276 1611 1340 μένου
1634 1282 1706 1325 τοῧ
1744 1279 1942 1334 Πύθωνος
1962 1280 2029 1327 ἐπ’
2049 1280 2224 1343 αὐτοὺς,
2254 1286 2280 1339 ἡ
2304 1283 2457 1343 Λητὼ,
2476 1288 2559 1332 τῶν
2594 1288 2754 1334 παίδων

1483 1350 1552 1395 τὸν
1574 1348 1713 1413 ἕτερον
1739 1352 1781 1396 ἐν
1803 1353 2010 1413 ἀγκάλαις
2029 1351 2209 1416 ἔχουσα,
2234 1354 2460 1418 προσὸδίσα
2481 1361 2541 1421 τῷ
2565 1357 2668 1423 λίθῳ
2693 1361 2754 1423 τῷ

1484 1425 1555 1467 νῦν
1579 1420 1641 1468 ἔτι
1661 1421 1843 1487 κειμένῳ
1878 1423 1960 1470 ὑπὸ
1982 1427 2043 1488 τῷ
2078 1424 2175 1471 ποδὶ
2198 1428 2272 1482 τῆς
2295 1427 2459 1488 χαλκῆς
2483 1430 2757 1494 εἰργασμένης

1484 1496 1737 1551 Λητοῦς,...
1759 1486 1888 1541 εἶπεν·
1917 1493 1982 1543 Ἵε
2003 1496 2098 1544 παῖ.
2119 1498 2276 1560 Τυχεῑν
2298 1498 2340 1544 δὲ
2358 1498 2456 1554 τόξα
2483 1501 2590 1562 μετὰ
2612 1509 2755 1565 ’χεῖρας

1485 1563 1637 1628 ἔχοντα
1656 1564 1726 1611 τὸν
1753 1565 2071 1613 Ἀπόλλωνα....
2094 1568 2251 1632 Διόπερ
2273 1569 2357 1616 ἀπὸ
2386 1571 2531 1619 τούτου
2556 1557 2757 1636 λεχθῆναί

1485 1653 1588 1700 φασι
1608 1635 1672 1693 τὸ,
1698 1634 1763 1684 Ἵε
1787 1643 1887 1695 παῖ,
1908 1637 2009 1695 καὶ,
2031 1636 2094 1687 Ἵε
2115 1639 2267 1687 παιών.
2623 1628 2634 1636 .

2020 1727 2099 1783 67.

1552 1810 1741 1855 Proclus
1763 1810 1822 1855 ad
1843 1812 1953 1856 Plat.
1975 1814 2094 1859 Tim.
2122 1813 2162 1869 I,
2190 1830 2236 1873 p.
2270 1815 2329 1859 28
2358 1832 2368 1859 :
2400 1814 2531 1878 Εἴπερ
2555 1834 2614 1867 τις
2635 1815 2758 1869 ἄλλος

1485 1879 1558 1926 καὶ
1582 1883 1768 1938 ποιητῶν
1794 1879 1961 1945 ἄριστος
1981 1881 2127 1947 κριτὴς
2159 1885 2182 1929 δ
2207 1883 2449 1934 Πλάτων...
2475 1884 2757 1949 Ἡρακλείδης

1484 1955 1583 2014 γοῦν
1608 1955 1631 1999 ὃ
1654 1954 1861 2006 Ποντικός
1883 1972 2027 2017 φησιν,
2053 1952 2117 2001 ὅτι
2137 1957 2220 2002 τῶν
2251 1956 2453 2020 Χοιρίλου
2475 1957 2566 2004 τότε
2592 1959 2755 2004 εὐδοκι-

1486 2021 1693 2084 μούντων,
1734 2023 1919 2072 Πλάτων
1956 2024 2008 2071 τὰ
2051 2025 2304 2091 Ἀντιμάχου
2353 2028 2616 2092 προύτίμησε
2630 2065 2642 2086 ,
2685 2029 2757 2075 καὶ

1486 2094 1612 2142 αὐτὸν
1631 2093 1774 2142 ἔπεισε
1792 2095 1862 2143 τὸν
1881 2095 2164 2162 Ἡρακλείδην
2185 2101 2242 2152 εἷς
2267 2101 2498 2166 Κολοφῶνα
2518 2099 2687 2146 ἐλθόντα
2704 2098 2758 2146 τὰ

1484 2166 1707 2228 ποιήματα
1733 2166 1930 2223 συλλέξαι
1948 2173 2023 2216 τοῦ
2043 2170 2205 2235 ἀνδρός.
2227 2170 2384 2228 Μάτην
2405 2163 2475 2218 οὖν
2495 2173 2757 2236 φληναφοῧσι

1488 2237 1768 2302 Καλλίμαχος
1786 2241 1859 2285 καὶ
1880 2242 2049 2306 Δοῦρις,
2066 2241 2122 2295 ὡς
2140 2240 2369 2296 Πλάτωνος
2385 2244 2460 2289 οὐκ
2479 2242 2594 2295 ὄντος
2610 2244 2756 2289 ἱκανοῦ

1485 2309 1641 2375 κρίνειν
1663 2311 1858 2365 ποιητάς.

1551 2383 1818 2428 Mandatum
1845 2385 1967 2428 istud
1990 2388 2263 2431 Antimacho
2287 2387 2443 2431 datum
2479 2390 2526 2431 in
2563 2387 2755 2432 dubium

1484 2463 1621 2498 vocat
1635 2455 1867 2500 Welcker.
1885 2457 1918 2501 l.
1943 2458 1974 2503 l.
1994 2472 2044 2515 p.
2075 2458 2179 2504 106.
2197 2458 2484 2502 —Ceterum
2505 2457 2563 2501 de
2580 2458 2753 2510 critica,

1484 2542 1619 2585 quam
1642 2528 1689 2570 in
1708 2529 2013 2585 poetas-Plato
2035 2530 2306 2585 exercuerit,
2324 2546 2369 2575 v.
2390 2528 2655 2587 Bernhardy
2675 2528 2755 2573 Gr.

1483 2598 1570 2642 Lit.
1599 2598 1645 2652 Ι,
1673 2613 1720 2656 p.
1757 2598 1837 2643 131
1868 2614 1936 2658 sq.
1964 2609 2075 2656 not,
2101 2611 2146 2645 et
2171 2615 2287 2660 quos
2312 2600 2481 2647 laudat.

2083 2686 2161 2732 68.

1550 2761 1778 2805 Zenobius
1817 2764 1955 2809 prov,
1982 2765 2042 2819 11,
2071 2762 2130 2806 28
2167 2776 2179 2809 z
2218 2759 2457 2813 Ἀττικὸς
2496 2761 2757 2824 πάροικος.

1487 2835 1636 2895 Δοῦρις
1663 2831 1774 2895 [καὶ]
1813 2832 1911 2896 περὶ
1942 2834 2072 2889 αὐτῆς
2101 2832 2239 2895 λέγει,
2282 2831 2346 2879 ὅτι
2380 2831 2525 2890 ἐπειδὴ
2551 2832 2757 2888 Ἀθηναῖοι

1485 2901 1582 2955 τοὺς
1620 2908 1937 2968 περιοικοῦντας
1971 2905 2110 2957 αὐτοῖς
2143 2905 2217 2951 καὶ
2245 2907 2510 2967 γειτνιῶντας
2543 2904 2757 2963 ἐξέὸαλον,

1486 2977 1514 3032 ἡ
1538 2974 1750 3038 παροιμία
1775 2977 2000 3040 ἐκράτησε.
2028 2975 2242 3039 Κράτερος
2262 2976 2304 3023 δὲ
2323 2976 2408 3023 α’πὸ
2432 2979 2512 3022 τῶν
2537 2977 2592 3028 εἷς
2612 2977 2759 3036 Σάμον

1486 3045 1761 3111 πεμφθέντων
1779 3046 2000 3105 Ἀθήνηθεν
2018 3047 2197 3094 ἐποίκων
2210 3046 2287 3104 τὴν
2304 3047 2536 3113 παροιμίαν
2553 3049 2756 3112 εἰρῆσθαι.

2086 3190 2158 3230 66.

1539 3265 1654 3321 Ἶηιος
1673 3265 1810 3314 Apollo
1826 3265 2059 3314 appellatur,
2078 3263 2227 3303 Duride
2240 3265 2401 3302 auctore
2414 3292 2425 3311 ,
2439 3264 2642 3312 propterea
2654 3258 2755 3311 quod

1488 3331 1637 3368 Latona
1657 3327 1876 3378 Apollinem
1898 3328 1936 3366 in
1954 3327 2056 3367 ulnis
2085 3329 2239 3377 gestans
2252 3326 2460 3366 exhortata
2479 3335 2571 3363 eum
2590 3326 2647 3363 est
2669 3334 2755 3362 ver-

1488 3394 1547 3432 bis
1570 3410 1578 3433 :
1605 3394 1696 3440 Ἰήιε
1707 3399 1848 3441 παιῆον
1865 3393 1943 3442 (Ἰε
1963 3392 2125 3438 παιών).

2094 3459 2165 3499 67.

1541 3540 1765 3580 Heraclides
1785 3539 1971 3579 Ponticus
1989 3538 2099 3587 dicit,
2120 3538 2192 3578 etsi
2209 3537 2370 3578 ctioerili
2385 3535 2559 3575 carmina
2574 3538 2667 3572 tunc
2683 3543 2758 3570 ma·

1487 3615 1563 3653 gno
1580 3604 1619 3643 in
1635 3604 1783 3643 honore
1805 3603 1969 3642 fuissent
1984 3632 1995 3651 ,
2016 3602 2217 3641 Platonem
2234 3602 2366 3640 tamen
2385 3597 2600 3638 Antimachi
2617 3598 2755 3645 prmiu-

1489 3670 1576 3709 lisse
1590 3699 1601 3718 ,
1619 3668 1769 3719 ipsique
1790 3667 2005 3708 Heraclidae
2020 3667 2203 3715 suasisse,
2221 3668 2264 3704 ut
2280 3665 2540 3714 colophonem
2563 3660 2757 3711 protectus

1489 3732 1665 3773 carmina
1693 3732 1812 3782 huius
1839 3730 1914 3771 viri
1931 3730 2142 3780 colligeret.
2169 3730 2331 3768 Temere
2361 3728 2489 3775 itaque
2519 3722 2755 3762 hariolantur

1489 3795 1754 3837 Callimachus
1779 3796 1900 3844 atque
1919 3794 2063 3842 Duris,
2093 3794 2293 3832 censentes
2322 3790 2374 3829 illi
2403 3789 2596 3827 Platonem
2617 3792 2755 3834 parum

1489 3860 1671 3900 idoneum
1687 3860 1905 3909 aptumque
1920 3857 2035 3897 fuisse
2055 3853 2348 3904 adjudicandos
2364 3852 2509 3902 poetas.
2563 3911 2571 3919 ·

2088 3930 2160 3970 68.

1540 4011 1700 4050 Atticus
1725 4009 1977 4059 inquilinus.
1998 4008 2053 4045 De
2073 4004 2146 4043 hoc
2160 4012 2316 4052 quoque
2332 3997 2535 4049 proverbio
2563 3996 2673 4034 Duris
2691 3994 2749 4033 dn·

1489 4075 1557 4114 cit.
1575 4074 1720 4113 Natum
1734 4072 1789 4111 ait
1804 4070 1894 4115 inde
1914 4067 2020 4120 quod
2041 4065 2288 4107 Athenienses
2317 4060 2524 4110 inquilinos
2547 4061 2585 4097 et
2605 4058 2751 4095 vicinos

1489 4137 1632 4188 pellere
1647 4136 1749 4176 soliti
1766 4134 1856 4175 sint.
1876 4133 2059 4173 craterus
2080 4139 2172 4167 vero
2192 4135 2364 4165 manime
2379 4122 2487 4161 abiis
2509 4122 2659 4166 censet,
2682 4119 2757 4167 qui-

1490 4200 1650 4242 Athenis
1665 4199 1705 4238 in
1723 4201 1885 4239 Samum
1913 4193 2017 4234 missi
2033 4193 2169 4232 essent.
2190 4188 2304 4228 Attici
2320 4187 2423 4225 enim
2449 4188 2606 4224 Samum
2622 4185 2747 4221 trans-

1488 4262 1740 4312 missiibique
1756 4259 1885 4301 sedem
1902 4258 2058 4306 figentes
2074 4253 2266 4301 indigenas
2284 4248 2525 4299 expulerunt.
