3016 4628
45 772 69 817 ,ιέ

45 837 61 868 ι(
67 847 69 858 ³

586 271 1398 386 ARISTIPPUS
1439 187 2274 381 CYRENAEUS.

185 708 413 768 Diogenes
432 707 487 749 L.
506 705 568 758 ΙΙ,
594 702 671 760 83,
692 702 914 761 Aristippi
933 696 979 762 Γ)
1001 700 1224 746 Socratici
1238 700 1407 760 scripta
1478 700 1760 758 scriptorum
1783 712 1977 742 recensu
2012 712 2110 740 non
2141 696 2300 752 affert,
2332 698 2417 740 nisi
2456 698 2575 742 sorte
2610 700 2779 744 dixeris

46 825 47 830 ,
76 819 78 822 .
120 793 358 826 recensens
380 794 389 820 :
418 778 506 823 Τοῦ
529 773 573 820 δὲ
601 776 873 838 Κυρηναϊκοῦ
895 771 1126 837 φιλοσόφου
1151 770 1326 836 φέρεται
1353 774 1409 834 βι-

52 877 81 914 ’Δ
120 848 379 913 ὅλία,τρία
401 846 496 909 μὲν
519 845 762 909 ἱστορίας
785 846 885 890 τῶν
905 842 1040 891 κατὰ
1065 842 1286 901 Λιὸύην,
1310 845 1410 889 ἀπε-

52 966 58 977 ,
118 920 336 982 σταλμένα
357 918 567 983 Διονυσίῳ
580 918 765 982 (Siciliae
782 916 1029 978 tyranno).
1048 920 1118 962 De
1134 917 1208 961 his'
1225 917 1412 962 aliunde

117 1011 214 1040 non
235 1003 427 1039 constat.
449 991 590 1037 Aliud
607 991 878 1051 philosophi
902 1006 1045 1049 opus,
1063 989 1194 1048 quod
1214 990 1295 1033 etsi
1315 989 1413 1032 no'n

41 1063 53 1090 ’ἶ
117 1077 269 1128 potest
281 1067 554 1111 historicum
573 1065 667 1108 dici
680 1099 693 1119 ‚
717 1065 863 1107 multa
882 1072 1038 1106 tamen
1057 1077 1113 1106 ex
1128 1062 1323 1106 historia
1341 1077 1413 1105 re-

117 1141 260 1201 petita
283 1139 537 1193 continuit,
555 1138 829 1196 inscriptum
846 1145 944 1179 erat
968 1150 978 1178 :
1002 1132 1112 1195 Περὶ
1134 1136 1209 1190 τῆς
1225 1133 1413 1184 παλαιᾶς

120 1214 292 1277 τρυφῆς.
326 1211 384 1256 Id
412 1212 577 1270 saepius
610 1209 770 1253 laudat
797 1210 1030 1269 Diogenes
1052 1205 1124 1269 (**)
1139 1241 1152 1263 ,
1177 1223 1338 1252 verum
1365 1208 1415 1250 in

170 1326 221 1377 (*)
250 1325 358 1366 Alius
373 1312 593 1375 aristippus
612 1324 672 1363 eet
696 1321 983 1363 Arcadicorum
999 1324 1155 1372 auctor,
1172 1321 1222 1362 de
1244 1332 1324 1372 quo
1345 1321 1408 1360 di-

55 1379 57 1382 ’
116 1394 253 1424 cemus
267 1394 340 1423 suo
356 1384 460 1423 loco.

170 1443 243 1493 (**)
272 1443 435 1491 Diogen.
458 1442 504 1480 L.
520 1443 532 1479 l
548 1470 559 1490 ,
577 1443 626 1479 96
643 1439 694 1479 de
712 1438 927 1479 Periandro
946 1454 956 1478 z
982 1439 1088 1485 Φησὶ
1106 1438 1147 1477 δὲ
1171 1421 1416 1489 Ἀρίστιππος

37 1515 47 1539 ι’
115 1501 155 1540 ἐν
182 1501 324 1552 πρώτῳ
360 1500 452 1550 Περὶ
483 1500 649 1544 παλαιᾶς
683 1503 821 1549 τρυφῆς
849 1499 934 1550 περὶ
962 1497 1083 1537 αὐτοῦ
1113 1497 1227 1544 τάδε,
1258 1499 1311 1542 ὡς
1343 1497 1417 1548 ἄρα

66 1567 68 1570 ’
116 1561 324 1612 ἐρασθεῖσα
351 1561 375 1606 ἡ
398 1561 525 1609 μήτηρ
552 1559 670 1596 αὐτοῦ
699 1557 887 1609 Κράτεια,
917 1562 1035 1604 συνῆν
1055 1557 1161 1606 αὐτῷ
1183 1556 1326 1607 λάθρα·
1349 1557 1416 1594 καὶ

117 1618 159 1662 ὃς
175 1618 304 1663 ἥδετο.
330 1620 507 1667 Φανεροῦ
532 1616 571 1653 δὲ
591 1617 819 1665 γενομένου,
841 1616 955 1666 βαρὺς
971 1619 1090 1654 πᾶσιν
1116 1614 1266 1664 ἐγένετο
1283 1613 1347 1652 διὰ
1373 1613 1417 1652 τὸ

45 1672 57 1683 “
117 1675 244 1722 ἀλγεῖν
274 1672 334 1710 ἐπὶ
360 1677 406 1722 τῇ
430 1673 557 1722 φώρᾳ.
579 1672 717 1711 Multis
737 1673 823 1711 haec
844 1671 1008 1721 exponit
1035 1671 1285 1711 Parthenius,
1304 1672 1415 1710 Erot.

165 1731 279 1773 Idem
295 1733 352 1781 V,
371 1735 393 1768 3
413 1746 422 1769 ε
441 1730 682 1782 Ἀρίστιππος
701 1732 733 1770 δ’
755 1731 794 1770 ἐν
810 1733 867 1781 τῷ
888 1731 1029 1782 πρώτῳ
1053 1731 1149 1782 Περὶ
1166 1732 1260 1771 παλ.
1281 1735 1418 1781 τρυφῆς

123 1791 236 1843 φησὶν
259 1790 462 1840 ἐρασθῆναι
488 1790 553 1828 τὸν
587 1789 846 1840 Ἀριστοτέλην
871 1790 1106 1834 παλλακίδος
1132 1793 1201 1828 τοῦ
1228 1789 1418 1841 Ἑρμείου.

169 1847 281 1888 Idem
297 1849 354 1896 11,
375 1852 440 1895 23,
460 1847 510 1886 de
529 1849 692 1887 socrate
713 1863 723 1887 ε
743 1847 800 1886 Οὗ
816 1847 889 1898 (sc.
905 1847 1159 1897 Ἀλκιὸιάδου)
1179 1849 1245 1887 καὶ
1262 1849 1419 1896 ἐρασθῆ-

46 1911 62 1950 sp
117 1906 178 1945 ναί
202 1919 314 1958 φησιν
335 1906 450 1944 αὐτὸν
472 1905 714 1956 Ἀρίστιππος
739 1906 777 1945 ἐν
809 1906 976 1958 τετάρτῳ
1001 1909 1094 1957 Περὶ
1132 1915 1299 1952 παλαιας
1337 1919 1421 1958 ιρι)-

117 1967 198 2014 φῆς.
214 1962 360 2011 Eadem
376 1963 592 2002 Athenaeus
607 1965 699 2002 ΧΙΙΙ
714 1994 725 2013 ,
743 1975 784 2014 p.
806 1970 897 2012 566,
923 1968 970 2003 D.

168 2020 279 2060 Idem
296 2023 357 2072 II,
375 2022 439 2068 48,
466 2020 519 2059 de
540 2021 804 2071 Xenophonte
831 2039 840 2062 :
864 2026 940 2063 Καὶ
962 2022 1076 2062 αὐτόν
1094 2036 1206 2072 φησι-ν
1224 2021 1416 2073 Ἀρίστιπ-

29 2074 58 2123 ’Ῑῖ
118 2092 188 2124 πος
216 2080 254 2118 ἐν
280 2078 448 2130 τετάρτῳ
482 2081 574 2129 Περὶ
607 2082 773 2125 παλαιᾶς
811 2085 949 2132 τρυφῆς
987 2080 1190 2130 ἐρασθῆναι
1221 2080 1396 2119 Κλεινίου
1408 2091 1418 2099 ·

29 2140 55 2190 fs„
114 2139 210 2190 πρὸς
225 2138 267 2177 ὃν
283 2138 349 2176 καὶ
367 2141 491 2176 ταῦτα
506 2139 638 2177 εἰπεῖν’
649 2140 730 2178 Νῦν
746 2140 818 2191 γὰρ
836 2141 914 2185 ἐγὼ
935 2139 1109 2178 Κλεινίαν
1117 2139 1223 2185 ἥδιον
1240 2139 1307 2188 μὲν
1325 2139 1421 2177 θεῶ-

36 2211 54 2220 ·’
102 2210 188 2247 Ἰμαι
206 2197 230 2243 ἢ
248 2196 367 2235 τᾶλλα
385 2195 511 2235 πάντα
533 2196 572 2235 ἐν
591 2197 803 2246 ἀνθρώποις
831 2197 946 2237 καλά.
967 2199 1115 2248 Τυφλός
1142 2198 1182 2236 δὲ
1198 2201 1274 2236 τῶν
1295 2197 1420 2236 ἄλλων

35 2287 54 2311 4
121 2255 276 2294 πάντων
293 2253 469 2304 δεξαίμην
487 2255 533 2292 ἂν
551 2255 575 2302 ἢ
598 2255 774 2309 Κλεινίου
796 2256 875 2301 ἑνὸς
903 2255 1008 2300 ὄντος
1024 2256 1211 2304 γενέσθαι.
1238 2255 1420 2306 Ἄχθομαι

119 2313 161 2351 δὲ
179 2312 245 2351 καὶ
271 2312 377 2350 νυκτὶ
404 2312 470 2350 καὶ
494 2312 626 2362 ὕπνῳ,
655 2312 714 2350 ’ότι
740 2314 884 2352 ἐκεῖνον
907 2314 981 2363 οὐχ
1004 2314 1102 2364 ὁρῶ·
1133 2313 1258 2363 ἡμέρᾳ
1285 2313 1325 2351 δὲ
1355 2313 1421 2351 καὶ

120 2371 219 2420 ἡλίῳ
234 2371 302 2418 τὴν
320 2369 502 2420 μεγίστην
518 2370 629 2420 χάριν
646 2371 732 2409 οἶδα
744 2401 755 2420 ,
777 2371 835 2410 ὅτι
863 2385 927 2421 μοι
944 2371 1121 2411 Κλεινίαν
1153 2371 1420 2421 ἀναφαίνουσι.

172 2427 285 2467 idem
302 2430 383 2477 lu,
405 2429 471 2475 29,
498 2426 548 2466 de
563 2426 728 2467 Platone
746 2444 757 2466 ε
784 2429 1024 2480 Ἀρίστιππος
1051 2429 1084 2467 δ’
1118 2429 1156 2467 ἐν
1174 2433 1231 2479 τῷ
1255 2429 1422 2480 τετάρτῳ

123 2487 213 2538 Περὶ
233 2487 399 2530 παλαιᾶς
427 2489 566 2536 τρυφῆς
597 2488 709 2536 φησὶν
730 2487 846 2525 αὐτὸν
870 2487 1039 2538 Ἀστέρος
1073 2487 1273 2538 μειρακίου
1296 2488 1395 2533 τινὸς
1410 2517 1421 2536 ,

109 2545 367 2595 ’ἀστρολογεῖν
385 2544 722 2594 συνασκουμένου,
740 2546 960 2596 ἐρασθῆναι·
980 2546 1077 2585 ἀλλὰ
1091 2547 1156 2584 καὶ
1177 2546 1326 2590 Δίωνος
1354 2550 1423 2585 τοῦ

44 2635 56 2649 ,
121 2603 408 2654 προειρημένου.

150 2660 152 2662 ’
174 2659 285 2699 Idem
308 2663 383 2711 IV,
406 2667 467 2709 19,
499 2660 548 2702 de
574 2661 788 2701 Polemone
807 2662 1045 2701 Atheniense
1065 2678 1073 2701 ε
1092 2663 1159 2707 Ὡς
1180 2662 1291 2713 ἐῴκει
1310 2663 1377 2712 δὴ,
1403 2664 1424 2701 ὁ

125 2719 312 2768 Πολέμων
337 2721 438 2758 κατὰ
453 2720 577 2759 πάντα
595 2720 777 2765 ἐζηλώκει
802 2722 867 2759 τὸν
887 2721 1151 2770 Ξενοκράτην·
1172 2721 1236 2759 καὶ
1261 2721 1424 2772 ἐρασθῆ-

123 2789 184 2815 ναι
204 2777 322 2816 αὐτοῦ
338 2779 712 2830 φησὶνᾎρίστιππος
729 2779 767 2818 ἐν
782 2779 951 2829 τετάρτῳ
974 2780 1066 2830 Περὶ
1087 2780 1254 2823 παλαιᾶς
1269 2785 1422 2830 τρυφῆς.

175 2834 284 2874 Idem
300 2837 356 2885 V,
375 2840 439 2885 39,
453 2836 503 2876 de
520 2837 728 2876 Aristotele
746 2853 754 2876 :
778 2837 836 2876 Οὗ
854 2837 1142 2888 (Θεοφράστου)
1157 2839 1222 2876 καὶ
1240 2842 1308 2876 τοῦ
1325 2840 1425 2884 υἱέος

125 2893 352 2945 Νικομάχου
372 2897 484 2946 φησὶν
506 2896 696 2947 ἐρωτικῶς
721 2897 960 2945 διατεθῆναι,
978 2897 1116 2946 καίπερ
1133 2897 1224 2936 ὄντα
1245 2897 1424 2936 διδάσκα-

125 2955 189 2993 λον
203 2981 214 3001 ,
241 2951 477 3004 Ἀρίστιππος
493 2953 531 2992 ἐν
552 2953 720 3006 τετάρτῳ
742 2955 835 3003 Περὶ
856 2955 1022 2999 παλαιᾶς
1040 2959 1192 3005 τρυφῆς.

1482 771 1610 814 idem
1630 785 1747 825 esse,
1773 769 1901 826 cujus
1926 770 2085 813 titulos
2106 770 2340 829 Diogenes
2364 770 2393 812 l.
2429 770 2459 812 Ι.
2493 773 2629 828 ponit
2652 773 2733 814 lios
2771 789 2781 815 ε

1488 841 1602 904 Πρὸς
1627 839 1723 894 τοὺς
1744 842 2030 901 ἐπιτιμῶντας
2052 838 2117 886 ὅτι
2137 839 2342 897 κέκτηται
2362 831 2471 885 οἶνον
2501 839 2684 886 παλαιὸν
2713 842 2787 888 καὶ

1468 913 1670 978 ἑταίρας.
1701 912 1814 977 Πρὸς
1848 911 1945 965 τοὺς
1972 913 2260 972 ἐπιτιμῶντας
2306 911 2374 957 ὅτι
2407 913 2651 965 πολυτελῶς
2679 915 2788 977 ὀψω-

1484 994 1547 1034 νεῖ
1570 989 1648 1049 (V.
1668 990 1799 1033 Voss.
1831 987 1943 1032 Hist.
1969 987 2050 1032 Gr.
2077 1003 2126 1046 p.
2154 985 2253 1046 54).
2292 987 2409 1031 Utut
2440 995 2529 1041 est,
2556 996 2680 1030 recte
2703 990 2790 1031 Lu-

1486 1062 1796 1105 zaciusLectt.
1820 1062 1914 1104 Att.
1931 1075 1980 1118 p.
2005 1058 2093 1102 108
2117 1074 2127 1102 ι
2154 1078 2172 1098 «
2198 1059 2270 1102 Ab
2292 1057 2521 1115 ejusmodi
2539 1059 2661 1113 viro,
2683 1074 2791 1117 qua·

1487 1134 1578 1177 lem
1590 1134 1879 1191 Aristippum
1893 1130 2040 1175 modo
2055 1131 2341 1184 dicebamus,
2367 1132 2447 1189 qui
2463 1131 2673 1174 moribus
2693 1141 2791 1174 erat

1486 1207 1647 1262 facilis,
1665 1206 1824 1262 comis,
1842 1205 2095 1259 humanus,
2117 1219 2385 1262 quanquam
2407 1205 2455 1246 in
2472 1204 2566 1247 vita
2595 1202 2795 1246 desulto-

1488 1283 1606 1336 rius,
1621 1282 1803 1340 sibique
1820 1296 1872 1325 ac
1891 1281 1981 1324 suis
1995 1281 2241 1339 praeceptis
2256 1280 2449 1323 minime
2470 1288 2684 1322 constans
2697 1313 2708 1334 ,
2728 1305 2794 1312 --

1489 1370 1515 1399 a
1549 1355 1652 1410 tali,
1679 1356 1894 1414 inquam,
1927 1354 2031 1397 viro
2058 1351 2295 1411 proficisci
2321 1353 2593 1410 neutiquam
2617 1361 2796 1410 potue-

1489 1436 1600 1471 runt
1612 1426 1935 1471 commentarii
1959 1422 2071 1488 Περὶ
2088 1424 2279 1476 παλαιᾶς
2298 1426 2482 1487 τρυφῆς,
2507 1425 2795 1483 probrorum

1491 1502 1536 1544 in
1562 1515 1766 1544 summos
1789 1500 2022 1559 sapientiae
2044 1499 2290 1559 magistros
2313 1498 2596 1556 vivendique
2617 1511 2792 1556 praece-

1490 1582 1652 1632 ptores
1675 1572 1828 1632 pleni3
1856 1586 1975 1630 quos
2005 1571 2153 1614 libros
2179 1579 2401 1629 tanquam
2429 1570 2656 1629 Aristippi
2693 1570 2799 1628 plus

1492 1639 1633 1682 semel
1646 1639 1697 1682 in
1712 1638 2034 1682 testimonium
2046 1637 2282 1697 Diogenes
2299 1635 2491 1694 quidem
2506 1643 2644 1678 vocat
2656 1637 2797 1679 Lacr·

1492 1713 1608 1767 tius,
1639 1711 1724 1755 sub
1759 1710 1876 1754 tanti
1900 1718 2056 1754 tamen
2086 1710 2176 1753 viri
2192 1710 2393 1753 ,nomine
2417 1709 2680 1767 suppositos
2704 1723 2797 1751 esse

1494 1793 1650 1829 censet
1670 1783 1934 1828 Bruckerus
1956 1782 2095 1842 (Hist.
2117 1783 2237 1828 Phil.
2259 1784 2305 1838 Ι,
2326 1797 2376 1841 p.
2413 1780 2529 1841 592)
2565 1781 2622 1825 ab
2646 1782 2801 1824 homi-

1493 1858 1633 1901 nibus
1649 1855 2026 1914 impudentibus,
2051 1855 2132 1914 qui
2156 1869 2264 1898 suos
2286 1855 2373 1914 ipsi
2397 1869 2552 1898 mores
2574 1855 2696 1897 illius
2717 1870 2797 1897 au·

1495 1935 1710 1974 ctoritate
1734 1937 1891 1988 tegere
1911 1927 2084 1972 vellent
2106 1942 2116 1970 :
2144 1928 2220 1970 cui
2243 1926 2463 1986 equidem
2483 1926 2622 1984 plane
2645 1941 2798 1969 assen—

1497 2004 1605 2059 tior,
1640 2003 1818 2047 etiamsi
1839 2002 2024 2060 Baylius
2062 2000 2204 2060 (Lex.
2244 2016 2290 2045 v.
2318 1998 2537 2059 Aristote)
2564 2001 2801 2059 ceterique

1494 2074 1638 2120 fidem
1672 2076 1869 2119 istorum
1894 2074 2164 2118 libellorum
2194 2074 2291 2117 sine
2313 2073 2408 2116 ulla
2444 2072 2618 2116 fraudis
2649 2074 2801 2132 suspi-

1497 2148 1632 2191 cione
1667 2147 1842 2190 fuerint
1872 2146 2034 2190 secuti.
2061 2146 2380 2204 Praeterquam
2413 2145 2538 2188 enim
2561 2145 2692 2202 quod
2718 2161 2803 2188 ca-

1495 2221 1681 2263 lumniae
1703 2220 1751 2262 in
1771 2218 2079 2278 philosophos
2103 2218 2297 2261 aliarum
2319 2226 2546 2261 sectarum
2564 2218 2799 2276 principes

1496 2294 1655 2336 alienae
1700 2292 1951 2336 videantur
1993 2290 2128 2334 fuisse
2172 2291 2230 2334 ab
2272 2291 2393 2333 illius
2435 2305 2659 2349 persona,
2694 2291 2771 2348 qui
2787 2325 2799 2343 ,

1497 2366 1554 2409 ab
1581 2362 1807 2426 ἀγελάστῳ
1832 2366 2113 2408 Aristoxeno
2138 2363 2457 2421 similibusque
2482 2363 2618 2406 valde
2645 2363 2804 2406 diver-

1497 2453 1593 2492 sus,
1633 2437 1988 2480 delectationem
2033 2437 2216 2479 amabat
2266 2446 2310 2479 et
2345 2435 2538 2494 gaudia,
2571 2435 2803 2494 jocosque

1498 2510 1758 2568 excipiebat
1773 2508 1893 2566 jocis
1907 2542 1919 2563 ,
1939 2524 2038 2551 non
2057 2509 2317 2552 maledictis
2337 2517 2381 2551 ct
2402 2507 2606 2568 injurii53
2624 2509 2721 2567 ipsa
2740 2509 2804 2550 in·

1497 2598 1638 2642 super
1659 2591 1927 2641 temporum
1956 2582 2105 2637 ratio,
2133 2582 2214 2625 tali
2243 2582 2293 2624 in
2316 2596 2450 2624 causa
2477 2589 2803 2640 argumentum

1499 2656 1827 2710 certissimum,
1864 2670 1963 2697 non
1995 2655 2173 2713 patitur
2215 2663 2269 2697 ut
2306 2654 2463 2712 turpia
2496 2652 2555 2696 de
2595 2653 2805 2696 moribus

1499 2728 1759 2771 Aristotelis
1774 2726 1980 2786 prodere
1992 2761 2004 2782 ,
2027 2735 2106 2770 aut
2123 2728 2425 2770 Polemonem
2444 2725 2572 2768 foedo
2604 2741 2763 2769 amore
2780 2742 2805 2769 a

1499 2801 1784 2844 severissimo
1815 2800 2083 2844 Xenocrate
2105 2799 2329 2843 dilectum
2346 2832 2358 2853 ,
2392 2798 2594 2841 Socratis
2617 2797 2807 2842 auditor

1499 2872 1701 2916 scribere
1726 2873 1962 2931 potuerit,
1987 2871 2070 2915 diu
2093 2881 2199 2915 ante
2227 2871 2524 2925 demortuus,
2549 2885 2689 2928 quam
2710 2868 2805 2913 flo-

1499 2955 1657 2989 rerent
1677 2946 1725 2988 in
1741 2945 1895 2989 schola
1923 2945 2189 2989 Aristoteles
2209 2953 2254 2988 et
2272 2945 2577 2988 Xenocrates.
2605 2964 2622 2982 ι»
