3008 4542
157 245 174 284 '0
213 257 311 298 580

216 353 326 416 μήτε
350 354 601 416 προσκυνεῖν
617 346 743 400 θεους
774 345 884 406 μήτε
907 346 991 392 τῶν
1014 343 1248 407 μάλιστα’
1230 363 1272 390 εν
1300 342 1509 407 Αἰγύπτῳ

215 421 580 488 θεμιστευομένων
602 422 726 484 ἱερῶν
747 417 866 484 ζώων
889 416 1129 482 ἀπέχεσθαι
1145 415 1323 478 μηδενὸς
1337 454 1348 474 ,
1369 414 1511 462 πάντα

214 517 261 544 τε
293 496 404 543 θύειν
443 492 519 540 καὶ
558 493 758 547 ἀναλοῦν,
794 490 1085 537 συνάπτεσθαι
1125 489 1170 536 δὲ
1208 488 1361 551 μηδενὶ
1398 487 1511 543 πλὴν

214 565 299 609 τῶν
338 557 702 620 συνωμοσμένων.
773 559 969 604 Ἰοιαῦτα
1017 554 1059 601 δὲ
1107 552 1395 616 νομοθετήσας
1437 570 1511 611 και

215 634 399 682 πλεῖστα
422 631 557 689 ἄλλα,
579 628 769 691 μάλιστα
788 631 875 682 τοῖς
879 626 1148 718 Αἰγυπτίοις
1173 628 1359 687 ἐθισμοῖς
1383 626 1511 671 ἐναν-

215 705 438 767 τιούμενα,
451 701 649 750 ἐκέλευσε
668 700 920 766 πολυχειρία
939 699 995 747 τὰ
1015 703 1090 756 τῆς
1103 698 1207 746 πόλε
1191 717 1267 751 εως
1285 694 1514 744 ἐπισκευά-

216 782 301 835 ,ζειν
325 776 477 842 τείχη,
502 775 579 824 καὶ
612 773 718 840 πρὸς
751 774 859 821 πόλε
842 792 942 836 εμον
983 771 1176 833 ἑτοίμους
1215 769 1406 832 γίνεσθαι
1444 766 1516 814 τὸν

215 850 320 917 πρὸς
346 848 582 914 Ἀμένωφιν
607 847 678 895 τὸν
707 845 906 912 βασιλέα.
979 843 1129 896 Αὐτὸς
1139 841 1183 889 δὲ
1206 839 1514 906 προσλαὸόμε-

216 943 284 978 νος
309 922 402 986 μεθ’
427 924 580 969 ἑαυτοῦ
604 919 678 968 καὶ
704 922 789 966 τῶν
826 918 968 965 ἄλλων
998 915 1145 981 ἱερέων
1169 914 1243 961 καὶ
1267 932 1518 976 συμμεμια-

220 996 386 1060 σμένων
423 994 589 1060 ἔπεμψε
627 991 829 1057 πρέσὸεις
861 989 965 1055 πρὸς
998 987 1095 1079 τρυς
1129 988 1211 1034 ὑπὸ
1247 985 1519 1048 Ἱεθμώσεως

218 1066 509 1120 ἀπελαθέντας
533 1064 740 1127 ποιμένας
763 1065 819 1116 εἰς
842 1062 966 1108 πόλιν
991 1059 1068 1118 τὴν
1093 1057 1377 1121 καλουμένην
1386 1057 1422 1105 Ι
1429 1077 1516 1122 ερο

219 1140 408 1203 σόλυμα.
485 1137 573 1186 Καὶ
608 1136 663 1184 τὰ
688 1135 783 1182 καθ’
822 1132 972 1180 ἑαυτὸν
997 1132 1074 1180 και
1111 1131 1206 1186 τοὺς
1238 1131 1393 1184 ἄλλους
1424 1149 1521 1184 τους

220 1211 612 1276 συνατιμασθέντας
634 1208 831 1268 δηλώσας
850 1205 970 1265 ἠξίου
996 1202 1395 1279 συνεπιστρατεύειν
1417 1206 1520 1264 ὁμο·

220 1285 443 1348 θυμαδὸν
426 1284 492 1332 επ’
516 1283 752 1347 Αἴγυπτον.
775 1278 983 1334 Ἐπάξειν
1010 1275 1085 1340 μὲν
1113 1280 1183 1324 οὐν
1211 1274 1364 1329 αὐτους
1386 1277 1521 1338 ἐπηγ-

219 1359 396 1422 γείλατο
414 1359 583 1423 πρῶτον
608 1354 685 1418 μὲν
710 1356 770 1408 εἰς
799 1351 967 1417 A60tpiv
991 1349 1067 1408 τὴν
1093 1347 1352 1415 προγονικὴν
1379 1349 1519 1394 αὐτῶν

221 1430 440 1496 πατρίδα,
467 1429 522 1477 τὰ
550 1427 776 1485 ἐπιτήδεια
797 1428 885 1479 τοῖς
918 1423 1072 1488 ὄχλοις
1082 1421 1278 1487 παρέξειν
1302 1419 1518 1487 ἀφθόνως,

223 1502 612 1567 ὖπερμαχήσεσθαι
647 1498 768 1563 δὲ,“’
743 1518 813 1547 οτε
838 1497 950 1556 δέοι,
980 1516 1055 1544 και
1090 1496 1244 1562 ῥαδίως
1276 1493 1521 1558 ὑποχείριον

223 1577 366 1630 αὐτοῖς
389 1574 466 1633 τὴν
488 1572 635 1639 χώραν
661 1570 1002 1628 ποιήσειν.οἱ
1037 1567 1081 1616 δὲ
1113 1568 1370 1632 ὕπερχαρεῗς
1396 1566 1522 1631 γενό-

225 1667 343 1711 μενοι
368 1647 523 1700 πάντες
536 1644 764 1711 προθυμως
777 1663 834 1698 εις
853 1640 1210 1707 εἴκοσιμυριάδας
1234 1642 1399 1706 ἀνδρῶν
1423 1659 1523 1687 συν-

223 1719 499 1785 εξώρμησαν,
523 1719 597 1766 καὶ
623 1717 717 1781 μετ’
749 1718 796 1764 οὐ
823 1714 932 1763 πολυ
956 1720 1060 1774 ἧκον
1089 1715 1147 1768 εἷς
1176 1711 1360 1778 Αὔαριν.
1391 1711 1522 1775 Ἀμέ-

223 1813 354 1859 νωφις
383 1792 435 1852 δ’,
471 1795 493 1839 ὃ
517 1795 600 1838 τῶν
632 1788 885 1854 Αἰγυπτίων
914 1785 1188 1853 βασιλευς,ε
1167 1807 1223 1841 ως
1255 1784 1435 1833 ἐπύθετο
1469 1785 1524 1832 τὰ

224 1865 337 1913 κατὰ
362 1865 438 1923 τὴν
469 1865 641 1912 ἐκείνων
677 1863 839 1929 ἔφοδον,
872 1863 919 1908 06
956 1860 1138 1926 μετρίως
1172 1859 1407 1924 συνεχύθη,
1447 1879 1525 1917 της

224 1939 329 2005 παρ’
351 1938 628 2003 Ἀμενώφεως
649 1956 721 1984 του
747 1933 945 1988 Παάπιος
968 1932 1172 1996 μνησθεις
1191 1931 1522 1997 προδηλώσεως.

226 2012 317 2060 Καὶ
338 2009 544 2077 πρότερον
570 2006 824 2073 συναγαγὼν
843 2009 1004 2064 πλῆθος
1027 2005 1303 2068 Αἰγυπτίων,
1329 2003 1403 2051 καὶ
1426 2008 1524 2070 βου-

226 2084 488 2146 λευσάμενος
510 2081 620 2144 μετὰ
639 2085 724 2129 τῶν
751 2083 794 2127 ἐν
817 2079 981 2132 τούτοις
1011 2077 1250 2170 ἡγεμόνων,
1281 2076 1336 2125 τά
1360 2097 1405 2124 τε
1431 2077 1526 2143 ἱερὰ

227 2160 316 2222 ζωα
353 2155 408 2203 τὰ
432 2158 585 2222 πρῶτα
623 2153 812 2217 μάλιστα
848 2154 892 2200 ἐν
930 2155 1017 2206 τοῖς
1051 2154 1178 2217 ἱεροῖς
1212 2149 1437 2213 τιμώμενα
1471 2150 1527 2206 ὥς

227 2231 269 2294 γ’
298 2227 448 2276 ἑαυτον
476 2246 636 2290 μετεπε
625 2225 822 2292 ᾞμψατο,
842 2224 916 2272 καὶ
942 2231 1029 2278 τοῖς
1051 2223 1163 2272 κατὰ
1190 2223 1318 2290 μέρος
1345 2226 1527 2289 ἱερεῦσιν

228 2301 565 2367 παρήγγειλεν(
543 2321 600 2354 ως
621 2298 930 2365 ἀσφαλέστατα
950 2301 1035 2346 τῶν
1073 2300 1178 2345 θεῶν
1205 2296 1450 2364 συγκρύψαι
1475 2298 1528 2345 τὰ

230 2375 377 2432 ξόανα.
447 2375 535 2423 Τὸν
562 2373 607 2421 δὲ
640 2373 728 2420 υἱὸν
762 2371 910 2421 Σέθων
936 2370 1008 2419 τὸν
1044 2370 1119 2418 καὶ
1161 2370 1416 2433 Ῥαμέσσην
1441 2371 1529 2419 ἀπὸ

230 2518 282 2555 At
308 2516 373 2555 ille
397 2515 565 2566 primam
592 2514 757 2565 quidem
784 2513 839 2554 eis
862 2515 990 2565 legem
1018 2514 1179 2564 posuit,
1209 2514 1255 2553 ut
1273 2524 1404 2564 neque
1435 2514 1531 2554 deos

231 2581 467 2629 adorarent,
484 2591 614 2632 neque
630 2580 681 2620 ab
703 2579 944 2619 animalibus
961 2580 1052 2619 ullis
1066 2609 1077 2629 ‚
1097 2590 1188 2630 quae
1205 2580 1406 2630 praecipue
1421 2591 1534 2620 sacra

232 2645 338 2695 apud
358 2645 561 2695 AEgyptios
577 2645 717 2694 erant,
738 2655 780 2684 se
796 2643 1068 2692 abstinerent,
1088 2643 1157 2683 sed
1175 2645 1220 2683 ut
1236 2644 1370 2683 omnia
1386 2646 1535 2684 macta-

232 2710 321 2748 rent
351 2711 472 2759 atque
502 2709 810 2758 consumerent3
846 2708 1028 2758 nullique
1061 2708 1347 2758 copularentur
1374 2709 1449 2748 nisi
1465 2709 1536 2760 qui

233 2773 410 2822 ejusdem
435 2771 720 2823 conjurationis
739 2773 855 2813 esset.
875 2775 1010 2819 Quum
1037 2773 1173 2813 autem
1191 2772 1268 2812 ista
1287 2773 1480 2813 sanxisset
1496 2775 1536 2813 et

232 2837 310 2876 alia
340 2836 634 2888 quamplurima
673 2838 848 2878 maxime
886 2835 1162 2888 AEgyptiorum
1192 2837 1370 2877 moribus
1396 2837 1536 2879 adver-

234 2904 380 2952 santia,
403 2903 622 2942 multarum
655 2913 848 2942 manuum
864 2913 985 2952 opera
1002 2902 1121 2951 jussit
1148 2901 1344 2941 aedificare
1367 2901 1537 2942 civita-tis

234 2978 394 3018 muros,
411 2969 453 3007 et
467 2966 518 3006 ad
544 2967 695 3006 bellum
711 2978 795 3006 sese
822 2977 964 3017 parare
986 2966 1176 3005 adversus
1203 2966 1453 3016 Amenopbin
1467 2963 1534 3006 re'-

234 3042 338 3081 gem.
370 3034 455 3082 lpse
474 3042 570 3070 vero
587 3061 598 3079 ,
616 3030 828 3081 assumptis
851 3041 988 3069 secum
1012 3029 1134 3069 etiam
1165 3029 1251 3068 aliis
1265 3030 1538 3070 sacerdotibus

235 3098 276 3136 et
294 3095 539 3146 pollutorum
560 3094 798 3144 quibusdam
810 3124 821 3143 ,
846 3094 952 3133 misit
969 3094 1117 3143 legatos
1133 3093 1185 3132 ad
1202 3094 1408 3143 pastores,
1429 3095 1498 3144 qui
1514 3105 1537 3133 a

236 3160 441 3200 Tetlimosi
457 3158 611 3208 depulsi
628 3158 667 3196 in
684 3158 826 3197 urbem
844 3158 1116 3208 Hierosolyma
1131 3157 1279 3196 dictam
1300 3168 1343 3197 se
1359 3159 1536 3199 contule-

237 3226 341 3264 rant.
360 3225 411 3264 Et
427 3223 633 3263 declaratis
651 3222 698 3263 iis
722 3234 814 3273 quae
843 3224 916 3263 sibi
935 3223 1155 3273 ceterisque
1178 3222 1435 3273 ignominiose
1464 3224 1537 3263 ha·

238 3289 331 3329 bitis
357 3280 605 3337 acciderant,
631 3289 784 3338 rogavit
810 3291 856 3328 ut
876 3300 956 3328 una
982 3289 1277 3339 expeditionem
1306 3289 1483 3329 facerent
1499 3289 1538 3329 in

239 3357 468 3405 AEgyptum.
494 3355 544 3394 Et
570 3354 736 3406 quidem
753 3356 933 3405 promisit
955 3366 997 3395 se
1026 3355 1202 3405 primum
1231 3365 1298 3394 eos
1320 3353 1536 3394 ducturum

239 3421 281 3459 in
301 3420 450 3460 Auarin
473 3419 623 3459 avitam
654 3431 765 3459 suam
793 3421 985 3471 patriam,
1015 3422 1055 3460 et
1082 3420 1302 3460 necessaria
1321 3430 1363 3459 se
1382 3420 1540 3470 copiose

241 3483 513 3523 exhibiturum
548 3483 702 3532 turbae3
735 3486 1082 3534 propugnaturum
1115 3485 1254 3524 autem
1284 3495 1412 3534 quum
1440 3495 1541 3535 opus

244 3549 367 3596 l'oret,
390 3549 431 3586 et
467 3547 579 3586 facile
599 3547 796 3597 regionem
826 3548 900 3586 sub
926 3550 1160 3598 potestatem
1185 3559 1323 3588 eorum
1351 3548 1537 3588 redactu-

242 3623 348 3651 rum.
370 3612 429 3650 llli
442 3621 536 3650 vero
553 3621 673 3661 supra
689 3611 853 3650 modum
869 3611 948 3651 laeti
964 3641 975 3660 ‚
994 3623 1134 3652 omnes
1151 3612 1333 3652 alacriter
1350 3624 1476 3663 usque
1490 3613 1538 3652 ad

244 3677 418 3716 ducenta
439 3675 561 3715 millia
579 3676 756 3715 virorum
780 3675 926 3726 pariter
945 3678 1038 3716 sunt
1058 3678 1223 3728 egressi,
1249 3680 1289 3718 et
1304 3690 1384 3718 non
1413 3679 1541 3718 multo

220 3788 222 3792 y
246 3742 336 3791 post
356 3739 406 3779 ad
428 3740 576 3779 Auarin
598 3739 823 3779 veniebant.
843 3741 1083 3790 Amcnopliis
1103 3743 1235 3780 autem
1265 3742 1542 3793 AEgyptiorum

246 3817 341 3855 rex,
366 3816 493 3855 quum
511 3804 685 3855 primum
711 3804 872 3844 illorum
891 3805 1135 3845 invasionem
1164 3807 1340 3857 audivit,
1363 3820 1442 3847 non
1462 3820 1541 3848 me-

245 3871 433 3909 diocriter
458 3870 637 3909 animum
667 3869 911 3920 despondere
938 3870 1080 3920 coepit,
1099 3882 1223 3920 quum
1252 3872 1288 3911 ei
1312 3873 1351 3911 in
1370 3874 1542 3912 mentem

247 3936 429 3975 venirent
444 3940 536 3985 quoe
558 3935 796 3986 praedixerat
818 3936 1056 3985 Amenopliis
1075 3936 1236 3985 Paapios
1255 3936 1371 3976 tilius.
1392 3939 1444 3976 Et
1460 3938 1541 3987 pri-

248 4012 360 4039 mum
378 4001 537 4051 quidem
559 4002 793 4050 congregata
815 4000 930 4051 plebe
947 4002 1195 4050 AEgyptiaca,
1215 4001 1395 4051 initoque
1419 4003 1545 4042 consi-

249 4065 302 4103 lio
319 4075 410 4102 cum
428 4065 671 4115 principibus
687 4075 825 4104 eorum
839 4094 850 4113 ,
868 4065 908 4103 et
924 4063 1109 4103 animalia
1129 4075 1239 4103 sacra
1252 4094 1262 4112 ,
1281 4065 1455 4104 maxime
1479 4066 1546 4105 illa

254 4141 345 4179 quae
377 4130 575 4180 praecipue
599 4130 638 4168 in
668 4130 825 4180 templis
855 4130 1102 4178 colebantur,
1131 4129 1181 4168 ad
1197 4140 1239 4169 se
1261 4131 1488 4181 arcessivit3
1508 4133 1547 4171 et

253 4195 521 4235 sacerdotibus
534 4196 732 4245 sigillatim
747 4196 934 4247 princ-epit
956 4197 998 4235 ut
1015 4195 1225 4234 simulacra
1242 4195 1407 4235 deorum
1425 4208 1543 4247 quam

1129 232 1554 285 MANETHONIS
1592 222 1988 278 SEBENNYTAE

1587 334 1820 398 Ῥάμψεως
1843 336 1916 379 τοῦ
1953 330 2116 397 πατρος
2151 330 2478 392 ὠνομασμένον,
2502 329 2719 389 ’πενταέτη
2755 334 2884 394 ὄντα,
2926 342 2930 395 [

1594 413 1759 469 ἐξέθετο
1779 431 1884 479 προς
1901 411 1972 459 τὸν
1993 414 2146 458 ἑαυτου
2175 409 2313 476 φίλον.
2385 409 2527 464 Αὐτὸς
2559 411 2603 458 δὲ
2628 412 2782 468 διαὸὰς
2800 416 2888 470 τοῖς

1592 486 1753 540 ἄλλοις
1761 483 2035 550 Αἰγυπτίοις,
2068 487 2185 531 οὖσιν
2215 484 2272 537 εἷς
2317 482 2550 546 τριάκοντα
2585 485 2840 550 μυριάδας’
2816 507 2888 534 αν-

1591 561 1701 624 δρῶν
1723 556 2066 622 μαχιμωτάτων,
2090 555 2164 604 καὶ
2187 561 2273 609 τοῖς
2285 554 2505 617 πολεμίοις
2518 556 2819 616 ἀπαντήσασιν
2841 562 2889 608 οὗ

1593 630 1847 693 συνέὸαλεν,
1869 628 1982 677 ἀλλὰ
2004 627 2176 692 μέλλειν
2199 634 2429 694 θεομαχεῖν
2447 628 2643 692 νομίσας,
2663 631 2890 707 παλινδρο·

1595 703 1738 768 μήσας
1756 708 1860 762 ἡκεν
1877 704 1935 757 εἰς
1953 701 2145 768 Μέμφιν.
2172 675 2422 750 Ἀναλαὸών
2437 721 2484 748 τε
2508 701 2580 749 τόν
2598 722 2646 750 τε
2663 696 2792 752 Ἀπιν
2816 706 2890 754 καὶ

1592 776 1647 824 τὰ
1670 775 1782 823 ἄλλα
1806 774 1906 822 τὰ’
1887 781 2025 822 εκεῖσε
2047 772 2409 838 μεταπεμφθέντα
2430 772 2526 840 ἱερὰ
2551 777 2666 841 ζῷα,
2691 776 2812 834 εὐθυς
2832 780 2891 834 εἷς

1594 849 1824 899 Αἰθιοπίαν
1843 847 1920 895 συν
1941 847 2100 895 ἅπαντι
2119 850 2182 914 τῶ
2207 847 2348 923 στόλῳ
2370 847 2445 895 καὶ
2469 846 2625 906 πλήθει
2644 852 2731 898 τῶν
2750 852 2895 915 Αἰγυ-

1596 921 1731 987 πτίων
1754 920 1942 986 ἀνήχθη.
2014 919 2172 984 Χάριτι
2193 913 2322 984 γὰρ’
2293 939 2345 979 ην
2367 922 2486 986 αὐτῷ
2507 922 2751 988 ὑποχείριος
2769 927 2792 972 ὃ
2807 927 2892 973 τῶν

1597 993 1815 1043 Αἰθιόπων
1845 991 2082 1067 βασιλεύς·
2094 991 2187 1039 ὅθεν
2204 991 2539 1082 ὑποδεξάμενοςὐ
2539 995 2612 1042 καὶ
2629 995 2725 1051 τοὺς
2741 998 2896 1062 ὄχλους

1597 1066 1761 1120 πάντας
1785 1063 2014 1113 ὑπολαὸὼν
2039 1069 2099 1118 οῖς
2119 1063 2245 1129 ἔσχεν
2269 1068 2297 1121 ἡ
2322 1063 2446 1128 χώρα
2481 1085 2566 1112 των
2594 1086 2699 1132 προς
2731 1071 2897 1135 ἀνθρω-

1597 1138 1725 1198 πίνην
1729 1137 1909 1225 ωτροφὴν
1937 1136 2209 1198 ἐπιτηδείων,
2237 1136 2314 1183 και
2347 1136 2491 1191 πόλεις
2520 1138 2595 1187 καὶ
2619 1139 2771 1202 κώμας
2792 1142 2897 1208 πρὸς

1597 1210 1674 1269 τὴν
1698 1214 1784 1259 τῶν
1805 1209 2101 1276 πεπρωμένων
2125 1209 2446 1275 τρισκαίδεκα’
2427 1213 2533 1258 ετῶν
2557 1211 2644 1260 ἀπὸ
2661 1233 2739 1271 της
2760 1215 2898 1280 ἀρχῆς
2951 1252 2953 1254 -

1599 1286 1729 1331 αὐτου
1756 1282 1972 1331 ἔκπτωσιν
1995 1280 2222 1347 αὐτάρκεις
2239 1318 2253 1344 ,
2299 1284 2382 1346 οὔχ
2414 1275 2544 1338 ἧττόν
2580 1303 2629 1348 γε
2661 1285 2736 1333 καὶ
2760 1306 2898 1352 στρα-

1597 1356 1777 1404 τόπεδον
1811 1354 2063 1405 Αἰθιοπικὸν
2097 1355 2203 1420 πρὸς
2239 1354 2434 1421 φυλακὴν
2461 1355 2638 1413 ἐπέταξε
2675 1365 2764 1414 τοῖς
2793 1363 2899 1426 παρ’

1599 1429 1878 1496 Ἀμενώφεως
1903 1433 1976 1476 τοῦ
2019 1426 2229 1493 βασιλέως
2247 1427 2318 1475 ἐπὶ
2349 1431 2434 1475 τῶν
2476 1428 2602 1494 ὁρίων
2641 1433 2718 1489 τῆς
2764 1431 2899 1496 Αἷγύ-
2959 1437 2963 1442 ”

1598 1521 1720 1550 πτου.
1791 1502 1882 1551 Καὶ
1924 1500 1979 1549 τὰ
2020 1500 2097 1565 μὲν
2139 1499 2254 1548 κατὰ
2293 1499 2372 1559 τὴν
2410 1500 2640 1550 Αἰθιοπίαν
2685 1509 2895 1555 τοιαῦτα.

1601 1579 1658 1628 Οἱ
1683 1575 1746 1637 δὲ,
1765 1577 2007 1637 Σολυμῒται
2033 1572 2308 1628 κατελθόντες
2343 1572 2420 1621 σὺν
2454 1575 2542 1629 τοῖς
2572 1583 2741 1641 μιαροῖς
2764 1580 2900 1641 Αἷγυ,
2956 1577 2960 1595 ῑ
2994 1563 2999 1638 ξ

1602 1648 1737 1696 πτίων
1777 1647 1957 1702 ἀνοσίως
1981 1650 2068 1701 τοῖς
2101 1645 2342 1711 ἀνθρώποις
2377 1646 2752 1713 προσηνέχθησαν,
2787 1649 2901 1699 ὥστε

1600 1721 1680 1781 τὴν
1700 1724 1786 1768 τῶν
1819 1719 2145 1786 προειρημένων
2181 1719 2391 1785 κράτησιν
2425 1719 2652 1786 ,χειρίστην
2677 1719 2902 1787 φαίνεσθαι

1601 1801 1688 1848 τοῖς
1703 1793 1800 1842 τότε
1816 1793 1871 1842 τὰ
1891 1793 2052 1841 τούτων
2077 1791 2340 1856 ἀσεὸήματα
2366 1792 2607 1856 θεωμένοις.
2635 1794 2724 1843 Καὶ
2746 1794 2829 1861 γὰρ
2853 1798 2902 1843 06

1603 1867 1731 1930 μόνον
1750 1863 1995 1921 πόλεις’καὶ
2020 1866 2171 1929 κώμας
2191 1865 2449 1932 ἐνέπρησαν,
2470 1865 2566 1913 οὐδὲ
2587 1868 2904 1932 ἱεροσυλοῦντες

1602 1939 1698 1987 οὐδὲ
1723 1938 2031 2002 λυμαινόμενοι
2053 1938 2183 1994 ξόανα
2206 1941 2311 1986 θεῶν
2331 1941 2570 2004 ἠρκοῦντο,
2591 1938 2704 1986 ἀλλὰ
2723 1940 2799 1987 καὶ
2817 1948 2905 1995 τοῖς

1603 2013 1746 2066 αὐτοῖς
1761 2011 1981 2067 ὀπτανίοις
1999 2014 2084 2058 τῶν
2102 2010 2480 2070 σεὸαστευομένων
2497 2011 2623 2076 ἱερῶν
2640 2011 2760 2078 ζῴων
2779 2012 2904 2078 χρώ-

1610 2102 1729 2147 μενοι
1755 2082 1984 2142 διετέλουν,
2032 2082 2107 2130 καὶ
2154 2082 2282 2137 θύτας
2318 2082 2394 2130 καὶ
2424 2090 2599 2150 σφαγεῖς
2637 2084 2799 2132 τούτων
2838 2088 2905 2133 ἰε-

1617 2163 1697 2222 ρεῖς
1723 2155 1797 2204 καὶ
1831 2155 2055 2221 προφήτας
2095 2154 2334 2219 ἠνάγκαζον
2361 2154 2577 2220 γίνεσθαι,
2607 2156 2683 2204 καὶ
2720 2159 2909 2222 γυμνοὺς

1610 2227 1824 2284 ἐξέὸαλον.
1895 2228 2082 2293 Λέγεται
2105 2229 2143 2275 δ’
2167 2228 2234 2276 ὅτι
2255 2228 2333 2287 τὴν
2367 2228 2587 2276 πολιτείαν
2616 2229 2692 2277 καὶ
2714 2228 2809 2285 τοὺς
2831 2230 2910 2279 νό-

1614 2319 1718 2364 μους
1746 2302 1889 2356 αὔτοῖς
1926 2301 2282 2364 καταὸαλόμενος
2303 2299 2459 2367 ἱερεὺς,
2495 2301 2544 2349 τὸ
2574 2300 2692 2367 γένος
2730 2301 2904 2352 Ἡλιου-

1619 2373 1822 2435 πολίτης,
1860 2374 1997 2438 ὄνομα
2034 2373 2283 2441 Ὀσαρσὶφ,
2317 2373 2403 2422 ἀπὸ
2440 2379 2514 2423 τοῦ
2545 2378 2589 2423 ἓν
2628 2374 2908 2424 Ἡλιουπόλει

1610 2516 1858 2556 securissime
1877 2517 2134 2556 occultarent.
2155 2516 2299 2556 Filium
2322 2527 2417 2556 vero
2437 2516 2652 2556 Sethonem
2670 2545 2681 2565 ‚
2702 2516 2772 2566 qui
2787 2516 2907 2556 etiam

1610 2583 1813 2621 Ramesses
1824 2591 1849 2620 a
1860 2583 1958 2621 Ram
1962 2591 2030 2631 pse
2042 2581 2165 2631 patris
2175 2580 2336 2620 nomine
2348 2579 2584 2629 vocabatur,
2598 2591 2722 2631 quum
2731 2580 2908 2631 quinque

1610 2646 1712 2685 esset
1737 2655 1959 2695 annorum,
1978 2644 2334 2695 transportandum
2361 2644 2516 2684 curavit
2541 2644 2592 2684 ad
2611 2644 2798 2684 amicum.
2818 2645 2908 2695 lpse

1609 2715 1745 2753 autem
1761 2714 2030 2764 transgressus
2049 2724 2142 2753 cum
2159 2713 2301 2753 ceteris
2316 2708 2510 2764 AEgyptiis
2521 2742 2532 2761 ‚
2551 2712 2603 2752 ad
2619 2713 2797 2752 trecenta
2815 2713 2908 2752 mii-

1609 2778 1663 2817 lia
1692 2778 1870 2818 virorum
1900 2777 2279 2828 pugnacissimorum
2296 2807 2307 2827 ,
2337 2777 2517 2816 hostibus
2546 2776 2583 2816 ei
2611 2776 2771 2816 obviam
2794 2775 2908 2817 sactis

1611 2843 1751 2892 proelio
1769 2854 1850 2882 non
1870 2853 2101 2892 congressus
2123 2843 2183 2882 est
2204 2858 2213 2881 :
2235 2842 2305 2882 sed
2335 2842 2420 2881 fore
2444 2843 2554 2882 ratus
2582 2843 2628 2881 ut
2648 2843 2787 2882 contra
2812 2841 2911 2881 deos

1612 2909 1804 2956 pugnaret
1814 2937 1826 2956 ,
1842 2908 2062 2946 retrorsum
2076 2917 2260 2953 reversus
2271 2905 2475 2956 Memphin
2491 2905 2650 2955 petebat
2665 2921 2675 2945 ι
2693 2908 2911 2957 assumpto-

1611 2982 1691 3021 que
1712 2970 1786 3021 Api
1803 2971 1844 3010 et
1859 2970 2021 3019 reliquis
2039 2970 2275 3009 animalibus
2290 2969 2411 3009 sacris
2425 2999 2436 3019 ,
2457 2980 2549 3019 quae
2568 2969 2619 3008 ad
2637 2979 2680 3010 se
2697 2970 2912 3010 accersive-

1612 3037 1695 3086 rat,
1718 3047 1811 3075 mox
1828 3036 1870 3074 in
1887 3036 2128 3085 AEthiopiam
2144 3046 2239 3074 cum
2255 3034 2450 3083 universis
2468 3034 2639 3074 navibus
2653 3036 2694 3075 et
2710 3035 2910 3086 AEgyptio-

1612 3111 1703 3139 rum
1723 3099 1980 3138 multitudine
2004 3109 2046 3138 se
2065 3099 2281 3138 transtulit.
2309 3097 2516 3138 Beneficiis
2535 3099 2639 3138 enim
2658 3099 2733 3149 ipsi
2763 3099 2910 3139 obstri-

1613 3166 1702 3204 ctus
1727 3165 1811 3203 erat
1835 3163 2065 3213 AEtbiopum
2097 3175 2165 3218 rex
2202 3179 2211 3202 :
2241 3162 2347 3202 unde
2376 3174 2502 3213 quum
2530 3174 2624 3202 euin
2654 3155 2910 3214 suscepisset,

1615 3228 1887 3279 populumque
1907 3228 2138 3266 universum
2158 3227 2344 3266 omnibus
2375 3226 2489 3267 istius
2513 3226 2681 3276 regionis
2709 3226 2760 3266 ad
2781 3227 2909 3267 bomi-

1614 3304 1711 3332 num
1729 3292 1879 3330 victum
1903 3291 2134 3331 necessariis
2160 3292 2402 3341 excepisset,
2435 3292 2476 3331 et
2501 3291 2621 3341 urbes
2642 3291 2683 3330 et
2697 3291 2826 3336 vicos,
2842 3291 2910 3341 qui

1615 3359 1667 3398 ad
1688 3359 1805 3398 fatale
1833 3357 1932 3397 illud
1954 3357 2146 3397 tredecim
2168 3367 2364 3396 annorum
2393 3357 2555 3396 exilium
2578 3355 2827 3404 sufficerent,
2843 3355 2910 3394 tri-

1615 3422 1682 3461 bui
1702 3421 1835 3472 jussit,
1852 3423 1897 3460 ut
1916 3423 1955 3461 et
1972 3421 2193 3461 exercitum
2221 3421 2490 3471 AEthiopicum
2503 3451 2514 3470 ‚
2532 3420 2602 3471 qui
2629 3419 2672 3459 in
2689 3418 2911 3459 custodiam

1617 3486 1891 3536 Amenoplieos
1916 3496 2162 3537 suorumque
2190 3485 2381 3524 excubias
2396 3486 2529 3535 ageret
2544 3484 2594 3524 ad
2621 3484 2720 3523 fines
2736 3484 2909 3534 AEgypti.

1617 3551 1666 3590 Et
1683 3551 1723 3589 in
1739 3549 1941 3600 AEthiopia
1961 3548 2120 3599 quidem
2137 3548 2224 3587 haec
2239 3550 2347 3599 gesta
2362 3549 2468 3588 sunt.
2487 3547 2690 3598 solymitae
2705 3557 2801 3586 vero
2811 3577 2824 3597 ‚
2841 3547 2908 3587 ubi

1617 3616 1902 3656 descenderant
1917 3626 2010 3654 cum
2022 3615 2185 3665 pollutis
2195 3613 2483 3664 AEgyptiorum‚
2496 3611 2596 3652 adeo
2612 3612 2715 3653 male
2730 3612 2912 3652 homines

1615 3684 1861 3732 tractarunt,
1883 3683 1928 3720 ut
1953 3692 2093 3720 eorum
2113 3680 2282 3719 victoria
2308 3679 2476 3729 pessima
2498 3677 2576 3717 illis
2598 3677 2815 3727 videretur,
2842 3678 2911 3728 qui

1614 3748 1711 3786 tunc
1730 3756 1868 3785 eorum
1884 3745 2108 3794 impietates
2126 3742 2399 3793 inspiciebant.
2426 3740 2584 3781 Etenim
2602 3750 2683 3779 non
2699 3741 2827 3780 solum
2841 3751 2912 3780 ur-

1614 3810 1685 3850 bes
1706 3811 1747 3850 et
1762 3809 1872 3848 vicos
1890 3808 2173 3856 incenderunt,
2191 3816 2321 3856 neque
2336 3804 2538 3854 sacrilegia
2550 3804 2802 3844 committere
2812 3834 2823 3855 ,
2840 3806 2911 3844 aut

1615 3874 1783 3913 deorum
1803 3873 2015 3912 simulacra
2031 3872 2188 3910 vastare
2204 3870 2299 3908 satis
2314 3868 2533 3908 habebant:
2552 3868 2620 3907 sed
2635 3868 2775 3908 iisdem
2791 3868 2911 3908 etiam

1616 3938 1804 3978 continue
1819 3936 2035 3976 utebantur
2051 3934 2099 3973 ad
2114 3933 2300 3974 assandas
2312 3943 2450 3971 carnes
2465 3932 2695 3971 animalium
2708 3942 2910 3971 sacrorum

1616 4014 1708 4054 quae
1723 4002 1833 4041 cultu
1843 3999 1977 4039 divino
1989 3998 2276 4047 afficiebantur,
2290 3996 2428 4047 bisque
2441 3995 2661 4035 mactandis
2668 3994 2909 4046 jugulandis·

1617 4077 1696 4117 que
1719 4064 1942 4106 sacerdotes
1957 4064 1997 4102 et
2012 4063 2124 4101 vates
2143 4061 2323 4100 adbiberi
2346 4061 2581 4110 coegerunt,
2606 4059 2812 4108 nudosque
2830 4059 2909 4107 eje-

1618 4131 1772 4170 cerunt.
1792 4127 1945 4168 Dicitur
1961 4128 2095 4165 autem
2109 4125 2216 4175 quod
2230 4124 2456 4175 reipublicae
2471 4123 2651 4162 conditor
2663 4123 2748 4161 erat
2764 4122 2910 4171 legum-

1618 4206 1698 4246 que
1714 4194 1832 4241 lator,
1862 4191 2064 4240 sacerdos,
2083 4201 2225 4239 genere
2246 4189 2581 4239 Heliopolitanus,
2608 4186 2768 4225 nomine
2789 4189 2908 4226 Osar-
