3016 4628
287 262 349 303 86

274 366 460 434 puzpdpmv
486 383 559 411 και
583 365 642 410 τῶ
666 361 776 425 γένει
795 360 951 414 πάντες
975 357 1167 425 Πέρσαι,
1193 356 1264 404 ἐπὶ
1287 358 1370 402 τῶν
1395 351 1547 419 στυρά-

271 459 357 487 κων
378 439 495 499 μ’ἧλα
522 443 664 501 χρυσᾶ
681 435 872 499 ἔχοντες,
897 432 1029 497 χίλιοι
1049 431 1119 479 τὸν
1141 428 1334 494 ἀριθμὸν,
1363 424 1547 491 ἀριστίν-

270 514 345 568 δην
364 507 633 572 ἐκλεγόμενοι
651 508 699 554 ἐκ
717 510 801 554 τῶν
824 505 1010 590 μυρίων
1005 505 1187 589 Περσῶν
1203 503 1286 548 τῶν
1308 496 1548 547 Ἀθανάτων

269 580 563 642 καλουμένων.
602 578 691 628 Καὶ
714 577 825 643 διῄει
863 575 933 624 διὰ
957 579 1032 633 τῆς
1065 573 1223 622 τούτων
1250 572 1381 626 αὖλης
1402 567 1550 626 πεζὸς,

271 650 582 713 υποτιθεμένων
605 650 908 728 ψιλοταπίδων
936 647 1209 727 Σαρδιανῶν,
1242 643 1307 707 ἐφ’
1333 644 1391 687 ὡν
1419 638 1549 691 οὐδεις

272 718 400 772 ἄλλος
422 715 659 773 ἐπέὸαινεν,
682 712 710 771 ἢ
736 713 950 779 βασιλεύς.
973 711 1082 759 “Ore
1107 709 1151 756 δὲ
1175 710 1232 761 εἷς
1254 706 1331 763 τὴν
1358 703 1547 768 ἐσχάτην

272 786 408 846 αὐλὴν
432 786 570 845 ἔλθοι,
594 785 811 833 ἀνέὸαινεν
841 783 911 832 ἐπὶ
935 802 982 830 το
1005 781 1139 845 ἅρμα·
1165 778 1296 825 ἐνίοτε
1322 775 1366 822 δὲ
1386 793 1459 822 και
1483 776 1547 838 ἐφ’

271 860 421 908 ἵππου·
444 858 570 915 πεζὸς
593 856 637 905 δὲ
664 857 863 905 οὐδέποτε
895 854 1060 920 ἑωράθη
1088 851 1167 907 ἔξω
1191 853 1274 897 τῶν
1302 845 1545 912 βασιλείων.

274 935 330 983 Εἰ
350 931 395 979 δὲ
423 932 494 978 ε’πὶ
527 930 660 996 Θήραν
684 929 806 988 ἐξίοι,
833 927 906 975 καὶ
945 929 988 973 αἱ
1011 922 1271 975 παλλακίδες
1302 921 1418 966 αὐτῶ
1451 936 1550 963 συν-

274 1003 468 1069 εξήεσαν.
538 1002 592 1050 Ὁ
617 1001 660 1049 δὲ
681 1002 847 1066 θρόνος,
867 1001 931 1063 ἐφ’
947 1018 982 1043 ω
1007 994 1265 1084 ἐχρημάτιζε
1289 990 1550 1052 καθήμενος,

274 1080 455 1140 χρυσοῦς
478 1095 545 1133 ην,
566 1072 611 1121 ὃν
629 1071 976 1146 περιειστήκεσαν
992 1068 1195 1131 τέσσαρες
1213 1063 1417 1111 κιονίσκοι
1436 1063 1550 1108 λιθο-

275 1147 476 1204 κόλλητοι
504 1152 677 1210 χρυσοῖ,
714 1146 778 1209 ἐφ’
811 1147 868 1190 ὡν
904 1144 963 1188 διε
947 1139 1116 1187 ετέτατο
1154 1137 1322 1199 ἱμάτιον
1359 1132 1549 1181 ποικίλον

278 1237 534 1284 πορφυροῦν.

889 1350 934 1379 2.

650 1452 685 1497 E
707 1450 884 1496 LIBRO
905 1446 1190 1493 SECUNDO.

341 1578 585 1623 Athenaeus
615 1577 693 1630 IV,
717 1590 765 1634 p.
799 1572 910 1628 145,
935 1574 1010 1617 Α.·
1037 1567 1322 1632 Ἡρακλείδης
1346 1566 1383 1612 δ’
1412 1567 1434 1611 6
1463 1567 1555 1612 Κυ-

279 1666 432 1709 μαιος,
458 1650 481 1693 6
509 1645 563 1693 τὰ
591 1642 784 1710 Περσικὰ
810 1641 1129 1705 συγγράψας,’
1111 1659 1151 1685 εν
1177 1659 1237 1684 τω
1262 1635 1445 1702 δευτέρῳ
1469 1654 1554 1682 των

279 1718 630 1784 ἐπιγραφομένων
654 1715 1091 1779 Παρασκευαστικῶν,
1112 1734 1130 1754 ιι
1151 1687 1286 1760 Κάὶοὶ
1301 1709 1554 1774 θεραπεύον-

277 1811 346 1845 τες
372 1791 519 1855 (φησι)
538 1809 630 1842 τους
656 1790 831 1851 Περσῶν
853 1785 1088 1849 βασιλεῖς
1065 1787 1337 1834 οειπνοῦντας
1365 1781 1553 1835 ἅπαντες

277 1862 520 1925 λελουμένοι
551 1863 825 1916 διακονουσιν,
848 1861 1026 1915 εσθητας
1050 1855 1185 1909 καλὰς
1219 1853 1407 1921 (λευκὰς
1430 1858 1518 1916 Ep.
1535 1859 1548 1917 )

279 1934 469 1998 ἔχοντες,
495 1932 568 1979 καὶ
596 1930 854 1995 διατρίὸουσι
880 1930 1031 1993 σχεδὸν
1055 1927 1102 1975 τὸ
1127 1927 1263 1989 ἥμισυ
1291 1931 1368 1986 τῆς
1391 1928 1556 1993 ἡμέρας

276 2025 374 2070 περι
389 2024 437 2052 το
454 2007 631 2052 δεῖπνον.
655 2006 754 2052 Των
774 2002 818 2050 δὲ
838 2007 907 2049 τοῦ
929 2001 1134 2066 βασιλέως
1147 1999 1404 2047 συνδείπνων
1423 2002 1461 2047 οἱ
1479 1999 1557 2064 μὲν

278 2097 319 2133 ες
323 2097 357 2123 ω
374 2079 625 2134 δειπνοῦσιν,
647 2075 714 2129 οὒς
729 2074 801 2123 καὶ
814 2078 913 2141 ὁρᾶν
927 2073 1060 2130 ἔξεστι
1073 2093 1203 2120 παντι
1216 2093 1277 2138 τῳ
1294 2073 1556 2139 βουλομένῳ,

278 2147 371 2196 οἶδὲ
391 2149 491 2195 εἴσω
508 2147 616 2210 μετὰ
636 2147 859 2211 βασιλέως.
882 2146 966 2195 Και
980 2140 1094 2194 οὗτοι
1112 2145 1156 2193 δὲ
1173 2148 1219 2193 οὐ
1239 2147 1558 2193 συνδειπνοῦσιν

279 2223 419 2285 αὐτῶ,
445 2220 537 2266 ἀλλ’
571 2219 682 2266 ἔστιν
706 2218 921 2281 οἰκήματα
947 2218 1019 2264 δύο
1043 2237 1307 2292 καταντικρυ
1313 2217 1554 2276 ἀλλήλων,

277 2293 319 2339 ἕν
331 2295 366 2357 ᾡ
383 2295 405 2338 6
421 2290 617 2354 βασιλευς
635 2290 683 2338 τὸ
701 2290 870 2355 ἄριστον
887 2294 1095 2350 ποιεῖται,
1115 2310 1188 2337 και
1214 2291 1256 2337 ἐν
1276 2294 1311 2356 ῳ
1327 2293 1364 2338 οἱ
1391 2290 1556 2337 σύνδει-

276 2383 387 2411 πνοι.
416 2363 504 2411 Και
523 2366 544 2410 ὃ
567 2362 798 2427 βασιλευς
780 2362 961 2416 εκείνους
980 2366 1059 2428 ὁρᾷ
1081 2329 1150 2410 διὰ
1170 2383 1243 2410 του
1264 2362 1556 2426 παρακαλύμ-

278 2454 407 2489 ματος
423 2440 494 2482 τοῦ
508 2435 576 2482 ἐπὶ
595 2439 647 2499 τῇ
663 2435 782 2501 θύρα·
796 2437 945 2482 ἐκεῖνοι
960 2437 995 2482 δ’
1013 2435 1138 2482 αὐτὸν
1156 2437 1237 2499 οὐχ
1251 2438 1420 2500 ὁρῶσιν.
1441 2433 1560 2482 Ἐνί-

280 2583 366 2610 rum
396 2571 513 2622 igitur
543 2584 610 2623 per
646 2574 778 2613 aulam
811 2572 1006 2612 transibat
1036 2583 1107 2612 rex
1139 2572 1327 2623 pedibus,
1355 2572 1566 2612 substratis

280 2636 423 2684 glabris
438 2638 632 2687 tapetibus
644 2637 841 2678 Sardianis
852 2667 863 2686 ‚
877 2647 992 2687 super
1008 2637 1152 2687 quibus
1167 2637 1315 2676 nemini
1330 2636 1397 2676 alii
1413 2639 1561 2687 praeter

282 2713 411 2752 regem
425 2702 600 2742 incedere
611 2704 763 2742 licebat.
783 2705 828 2742 In
841 2704 1059 2742 extremam
1068 2703 1198 2742 aulam
1211 2702 1280 2742 ubi
1292 2702 1562 2753 perveniebat,

284 2776 354 2804 rex
384 2776 545 2805 currum
574 2765 879 2815 conscendebat;
911 2766 1121 2816 aliquando
1141 2765 1259 2805 etiam
1287 2777 1438 2817 equum
1464 2782 1474 2806 ι
1496 2766 1565 2806 sed

282 2831 445 2882 pedibus
460 2832 639 2872 incedens
658 2843 861 2882 nunquam
881 2833 1206 2883 conspiciebatur.
1232 2835 1438 2873 Venatum
1467 2844 1563 2873 vero

284 2899 497 2936 exeuntem
525 2897 680 2947 pellicos
703 2897 1005 2936 comitabantur.
1026 2898 1231 2948 Thronus,
1248 2898 1290 2937 in
1321 2910 1401 2948 quo
1429 2898 1569 2939 sedem

283 2961 348 3009 jus
366 2961 521 3001 dicebat
541 2964 610 3001 aut
630 2973 812 3012 responsa
826 2962 946 3002 dabat
964 2963 1224 3013 legationibus
1238 2993 1250 3013 ‚
1276 2972 1423 3004 aureus
1445 2966 1530 3004 erat
1557 2981 1566 3004 ι

285 3025 389 3063 circa
411 3036 528 3074 quem
544 3028 731 3076 quattuor
747 3026 903 3065 stabant
929 3027 1148 3066 columellae
1168 3038 1301 3067 aureae
1323 3029 1570 3079 gemmisque

289 3086 507 3135 distinctae;
535 3098 701 3138 superne
729 3089 964 3139 praetentum
997 3091 1082 3129 erat
1113 3100 1360 3141 purpureum
1394 3092 1568 3132 aulaeum

288 3150 544 3199 variegatum.
908 3206 935 3245 2

659 3274 695 3317 E
723 3274 900 3318 LIBRO
929 3275 1214 3322 SECUNDO.

344 3356 566 3394 Heraclides
582 3357 782 3396 Cumanus
793 3386 804 3405 ‚
821 3356 853 3396 is
871 3358 938 3407 qui
955 3360 1029 3397 Res
1047 3360 1218 3400 Persicas
1234 3362 1489 3413 conscripsit,
1507 3374 1572 3403 se-

293 3417 423 3457 cundo
449 3417 549 3457 libro
582 3429 717 3457 eorum
740 3430 838 3471 quos
869 3420 1063 3471 inscripsit
1093 3425 1430 3474 praeparatorios:
1459 3427 1572 3474 «Qui

296 3481 542 3519 «amantibus
559 3483 759 3520 Persarum
785 3482 939 3531 regibus
954 3484 1197 3536 ministrant,
1212 3488 1362 3538 inquit,
1381 3500 1519 3530 omnes
1534 3491 1575 3530 id

297 3555 441 3582 munus
455 3544 603 3583 obeunt
617 3543 700 3593 loti,
719 3545 863 3594 pulcris
878 3546 964 3595 (vel
978 3548 1166 3599 candidis)
1179 3551 1353 3591 vestibus
1367 3550 1495 3592 induti
1512 3565 1522 3592 :
1537 3555 1577 3593 et

296 3608 458 3647 dimidia
475 3609 553 3647 fere
576 3608 651 3647 «liei
677 3611 786 3659 parte
805 3610 909 3649 circa
927 3623 1079 3652 coenam
1095 3618 1355 3664 occupantur.
1385 3618 1579 3657 Conviva-

297 3683 386 3711 rum
414 3674 545 3711 autem
575 3672 673 3721 regis
698 3673 763 3711 alii
789 3673 880 3712 foris
909 3678 1087 3725 coenant;
1118 3689 1218 3727 quos
1255 3682 1454 3731 spectare,
1485 3682 1576 3732 qui-

297 3747 471 3785 cumque
497 3735 603 3784 vult,
633 3738 759 3785 potest
785 3751 794 3775 :
817 3737 881 3775 alii
905 3749 998 3776 vero
1020 3740 1126 3780 intus
1146 3753 1237 3782 cum
1258 3755 1359 3794 rege.
1390 3747 1440 3785 At
1467 3758 1518 3786 ne
1539 3746 1578 3785 hi

297 3799 460 3850 quidem
479 3809 571 3837 cum
592 3799 676 3848 ipso
691 3801 846 3838 coenant
871 3816 879 3839 ε
901 3801 967 3840 sed
991 3805 1083 3842 sunt
1106 3804 1185 3843 duo
1214 3808 1416 3847 conclavia
1433 3819 1486 3849 ex
1507 3811 1578 3850 ad-

300 3874 413 3902 verso
431 3862 601 3901 alterum
617 3862 728 3902 alteri
748 3864 893 3913 posita,
913 3875 1084 3914 quorum
1101 3868 1139 3906 in
1156 3880 1235 3908 uno
1261 3883 1329 3910 rex
1353 3873 1487 3912 cibum
1511 3886 1578 3914 ca·

301 3929 359 3979 pit
370 3958 381 3977 ,
396 3928 436 3967 in
453 3927 576 3967 altero
595 3929 773 3967 convivae
790 3943 799 3968 ι
814 3929 854 3968 et
867 3928 952 3968 illos
963 3931 1122 3980 quidem
1137 3944 1208 3973 rex
1225 3936 1346 3986 videt,
1361 3949 1429 3987 per
1445 3939 1579 3979 velum

301 3992 432 4041 ianua!
447 3990 662 4030 obductum
674 4003 685 4039 ;
699 3990 753 4030 illi
769 4001 862 4030 vero
878 3991 1004 4042 ipsum
1014 4005 1092 4033 non
1109 3996 1256 4037 vident.
1283 4001 1577 4052 Nonnunquam

304 4057 452 4104 tannen,
468 4064 591 4104 quum
615 4053 750 4093 incidit
771 4054 891 4094 festus
906 4055 1003 4106 dies,
1020 4057 1059 4097 in
1076 4069 1156 4098 uno
1169 4062 1578 4114 eodemque'conclavi

304 4119 461 4156 cwnant
481 4117 543 4166 hi,
561 4117 599 4156 in
616 4127 695 4167 quo
715 4119 754 4156 et
770 4128 838 4157 rex
852 4148 862 4167 ,
881 4118 919 4158 in
943 4121 1117 4160 conclavi
1144 4124 1306 4172 majore.
1325 4131 1458 4174 Quum
1486 4140 1580 4169 vero

306 4182 635 4233 computationem
662 4194 731 4222 rex
752 4183 919 4224 instituit
940 4185 994 4234 (id
1021 4186 1125 4236 quod
1149 4192 1290 4238 smptus
1311 4192 1444 4242 facit),
1470 4205 1578 4236 com-

1589 1267 1600 2459 ———————-—————-—-—-———-—·——-—-—

1270 234 1644 289 HERACLIDIS
1682 230 1929 282 CUMANI

1623 369 1691 397 οτε
1724 348 1890 409 μέντοι,
1922 342 2093 391 ἐπειδὰν
2117 338 2241 405 ἑορτὴ
2260 345 2286 404 ᾐ
2302 376 2313 396 ,
2335 340 2376 386 ἐν
2400 338 2461 386 ἑνι
2486 337 2693 402 οἰκήματι
2729 336 2951 392 ἅπαντες

1625 422 1877 475 δειπνοῦσιν,
1903 418 1944 462 ἐν
1964 419 2000 479 ᾡ
2023 433 2097 460 και
2122 416 2144 460 6
2173 410 2442 477 βασιλευς,’
2423 429 2467 456 εν
2491 412 2554 475 τῶ
2585 409 2777 476 μεγάλω
2789 407 2913 474 οἴκῳ

1623 491 1764 541 ‘'Ox-ow
1786 489 1830 536 δὲ
1849 492 1871 535 6
1890 486 2090 552 βασιλευς
2104 483 2234 532 πότον
2251 487 2444 542 ποιῆται,
2462 483 2600 549 (ποιεῖ
2617 480 2663 530 δὲ
2678 481 2916 546 πολλάκις,)
2951 513 2954 522 -

2700 553 2790 604 Και
2813 553 2916 603 ὅταν
2955 560 2958 584 ³

1626 633 1944 691 δειπνήσωσιν
1928 630 1954 677 0'
1974 649 2020 677 τε
2043 626 2243 694 βασιλεὺς
2268 627 2391 681 αὐτὸς
2411 629 2507 674 καθ’
2527 625 2655 674 αὑτὸν
2676 626 2750 679 καὶ
2770 627 2809 673 οἱ
2825 624 2919 674 σύν·
2960 659 2961 662 =

1625 561 1842 625 συμπόται
1861 563 1979 624 αὐτῷ
2003 561 2107 606 εἰσιν
2131 562 2189 611 ὡς
2213 557 2404 619 μάλιστα
2429 555 2613 605 δώδεκά.

1626 710 1806 764 δειπνοι,
1827 705 1949 751 καλεῖ
1962 721 2060 755 τους
2076 699 2300 763 συμπότας
2317 698 2491 753 τούτους
2502 718 2566 754 τις
2583 718 2670 745 των
2689 696 2952 765 εὐνούχων..

1627 778 1715 828 Καὶ
1745 776 1846 824 ὅταν
1876 773 2131 835 εἰσέλθωσι,
2152 770 2412 834 συμπίνουσι
2436 772 2530 834 μετ’
2567 772 2726 830 αὐτοῦ,
2759 771 2810 818 οὗ
2847 769 2922 818 τὸν

1626 849 1748 896 αὐτὸν
1787 841 1896 895 οἶνον
1936 845 2139 893 κάκεῖνοι·
2174 842 2250 891 καὶ
2290 845 2328 890 οἱ
2364 842 2443 906 μὲν
2476 843 2621 908 χαμαὶ
2661 839 2921 905 καθήμενοι,
2952 894 2967 911 .-

1625 926 1647 969 6
1669 922 1704 969 δ’
1723 920 1794 968 ἐπὶ
1809 919 1955 977 κλίνης
1969 916 2234 983 χρυσόποδος
2249 915 2558 978 κατακείμενος
2569 934 2580 944 ·
2600 915 2675 963 καὶ
2691 918 2924 982 ὕπερμεθυ·
2950 941 2952 944 ν

2167 989 2238 1038 Τὰ
2263 988 2308 1036 δὲ
2329 989 2512 1036 πλεῖστα
2533 992 2556 1036 6
2577 986 2778 1053 βασιλεὺς
2797 987 2925 1051 μόνος
2953 1039 2955 1042 Α

2151 1061 2320 1110 Ἐνίοτε
2346 1060 2390 1109 δὲ
2410 1059 2484 1109 καὶ
2505 1064 2532 1119 ἡ
2554 1059 2660 1124 γυνὴ
2686 1062 2804 1126 αὐτῷ
2820 1079 2923 1109 συν·
2955 1089 2963 1124 3

1626 993 1791 1047 σθέντες
1815 991 2096 1056 ἀπέρχονται.

1627 1069 1784 1131 ἀριστᾷ
1807 1064 1880 1112 καὶ
1903 1065 2080 1111 δειπνεῖ.

1628 1140 1786 1185 δειπνεῖ
1798 1174 1810 1195 ,
1828 1136 1902 1183 καὶ
1918 1139 2002 1182 τῶν
2025 1137 2126 1183 υἱῶν
2140 1133 2258 1183 ἔνιοι.
2278 1134 2366 1183 Καὶ
2382 1131 2504 1198 παρὰ
2519 1132 2568 1180 τὸ
2581 1134 2750 1180 δεῖπνον
2770 1131 2924 1199 ᾅδουσί

1626 1229 1672 1256 τε
1694 1209 1769 1256 καὶ
1786 1209 2022 1274 ψάλλουσιν
2043 1209 2088 1254 αἱ
2111 1206 2338 1255 παλλακαὶ
2356 1208 2494 1270 αὐτῷ·
2511 1205 2586 1253 καὶ
2604 1205 2682 1268 μία
2705 1205 2783 1268 μὲν
2801 1204 2927 1269 ἐξάρ-

2416 1277 2481 1327 Τὸ
2505 1277 2550 1325 δὲ
2575 1279 2768 1340 δεῖπνον,
2793 1277 2926 1344 φησὶ,
2952 1272 2958 1327 ’γ

1626 1360 1701 1402 τοῦ
1728 1354 1938 1429 βασιλέως
1958 1352 2222 1414 καλούμενον
2247 1352 2480 1400 ἀκούσαντι
2507 1351 2583 1414 μὲν
2602 1350 2712 1406 δόξει
2732 1351 2921 1414 μεγαλο-

1626 1426 1812 1494 πρεπρὲς
1825 1430 1948 1485 εἶναι,
1966 1424 2263 1488 εξεταζόμενον
2277 1423 2322 1472 δὲ
2347 1426 2544 1490 φανεῖται
2558 1425 2839 1486 οἰκονομικῶς
2853 1420 2928 1470 καὶ
2958 1466 2976 1482 ,—

1631 1284 1715 1346 χει,
1741 1284 1784 1328 αἱ
1809 1281 1848 1328 δ’
1870 1281 2002 1328 ἄλλαι
2018 1279 2179 1345 ἀθρόως
2199 1279 2366 1346 ᾄδουσι.

1628 1499 1816 1564 ἀκριὸῶς
1843 1497 2200 1561 συντεταγμένον,
2228 1496 2304 1544 καὶ
2338 1498 2424 1552 τοῖς
2448 1497 2593 1550 ἄλλοις
2621 1494 2814 1560 Πέρσαις
2841 1497 2930 1548 τοῖς

1628 1573 1671 1618 ἐν
1694 1570 1925 1640 δυναστεία
1945 1575 2039 1618 οὖσι
2063 1569 2178 1618 κατὰ
2202 1569 2273 1618 τὸν
2296 1569 2425 1617 αὐτὸν
2446 1569 2623 1635 τρόπον.

1627 1643 1712 1710 γὰρ
1726 1663 1787 1709 τῳ
1808 1644 1978 1708 βασιλεῖ
1994 1643 2143 1707 χίλιαε
2132 1646 2264 1708 ιερεῒα
2280 1663 2356 1701 της
2369 1641 2535 1707 ἡμέρας
2551 1638 2928 1702 κατακοπτόμενα.

1628 1716 1806 1770 Τούτων
1833 1717 1870 1763 δ’
1896 1715 1979 1764 εἰσὶ
2003 1715 2078 1762 καὶ
2098 1713 2250 1775 ἵπποι,
2271 1714 2346 1763 καὶ
2376 1714 2592 1777 κάμηλοι,
2617 1713 2692 1761 καὶ
2714 1710 2834 1778 βόες,
2853 1712 2930 1760 καὶ
2960 1760 2962 1762 ,

1628 1788 1738 1847 ὄνοι,
1763 1788 1838 1836 καὶ
1861 1787 2034 1854 ἔλαφοι,
2058 1789 2132 1835 καὶ
2155 1788 2211 1835 τὰ
2231 1789 2415 1835 πλεῖστα
2439 1786 2642 1852 πρόὸατα
2658 1804 2670 1816 ·
2693 1784 2851 1833 πολλοὶ
2883 1783 2929 1832 δὲ

1629 1861 1705 1910 καὶ
1724 1861 1883 1927 ὄρνιθες
1903 1860 2235 1918 ἀναλίσκονται,
2265 1859 2308 1907 οἵ
2334 1879 2380 1908 τε
2416 1859 2612 1925 στρουθοὶ
2637 1860 2676 1906 οἱ
2700 1857 2929 1925 Ἀράδιοι,

1633 1934 1748 1999 (ἔστι
1764 1933 1808 1982 δὲ
1827 1934 1876 1982 τὸ
1896 1937 2002 2000 ζῷον
2021 1933 2133 1998 μέγα
2147 1937 2178 1998 ,)
2199 1932 2275 1982 καὶ
2291 1937 2419 2000 χῆνες
2435 1932 2511 1981 καὶ
2529 1931 2819 1998 ἀλεκτρυόνες.
2841 1929 2932 1980 Καὶ

1633 2005 1786 2071 μέτρια
1807 2005 1884 2070 μὲν
1906 2009 2045 2054 αὐτῶν
2068 2005 2350 2072 παρατίθεται
2376 2005 2547 2072 ἑκάστῳ
2562 2008 2646 2052 τῶν
2663 2003 2929 2052 συνδείπνων
2967 2026 2993 2066 g.

1636 2084 1709 2127 τοῦ
1745 2079 1976 2143 βασιλέως,
2001 2078 2076 2126 καὶ
2100 2078 2361 2145 ἀποφέρεται
2385 2078 2563 2132 ἕκαστος
2586 2080 2749 2139 αὐτῶν,
2771 2076 2798 2124 ὅ
2813 2096 2856 2124 τι
2881 2075 2934 2124 ἃν
2963 2118 2996 2148 .·,

1634 2151 1932 2210 καταλίπηται
1952 2151 2023 2199 ἐπὶ
2042 2155 2102 2218 τῷ
2123 2151 2303 2218 ἀρίστῳ.
2318 2151 2388 2201 Τὰ
2409 2151 2454 2199 δὲ
2470 2153 2654 2199 πλεῖστα
2667 2150 2830 2198 τούτων
2847 2152 2932 2198 τῶν
2972 2155 2978 2165 ”

1633 2222 1797 2287 ιερείων
1817 2243 1891 2270 και
1910 2244 1995 2271 των
2015 2223 2175 2282 σιτίων,
2197 2224 2267 2278 οὒς
2289 2224 2432 2291 τρέφει
2459 2221 2624 2288 βασι)
2591 2242 2658 2277 ευς
2681 2225 2767 2270 τῶν
2794 2241 2841 2270 τε
2863 2223 2933 2270 δο·
2981 2221 3001 2270 3}

1637 2295 1855 2382 ρυφόρωνὲ
1864 2296 1940 2343 καὶ
1959 2317 2042 2344 ‘tow
2059 2299 2333 2358 πελταστων,
2351 2315 2514 2350 τΟυτΟῑς
2535 2298 2761 2376 &nipe-0822!
2781 2296 2840 2349 Εἷς
2855 2293 2935 2352 τὴν

1631 2360 1782 2417 αυλήν
1807 2367 1855 2409 οὑ
1880 2364 1918 2410 οι
1938 2361 2130 2427 ἓδέατροι
2155 2361 2327 2410 ἅπαντα
2353 2362 2529 2428 μερίδας
2560 2360 2841 2419 ποιήσαντες
2853 2379 2937 2408 των
2967 2354 2991 2396 .'

1631 2452 1765 2499 κρεων
1779 2434 1853 2482 καὶ
1864 2455 1948 2482 των
1963 2434 2103 2501 ἄρτων
2117 2434 2213 2490 ἴσας
2225 2436 2503 2500 διαιρουνται.
2515 2434 2688 2499 εὨσπερ
2703 2432 2748 2482 δὲ
2761 2452 2797 2482 οι
2784 2433 2995 2492 {hl-⁶00·
2980 2463 3005 2488 2

1638 2573 1777 2623 potant
1805 2584 1898 2612 cum
1917 2585 1964 2613 co
1990 2553 2201 2614 duodecim
2234 2574 2420 2613 maxime.
2443 2575 2594 2624 Nempe
2621 2574 2836 2624 postquam
2857 2583 2939 2612 coe·

1639 2638 1810 2686 narunt,
1832 2648 2011 2677 seorsum
2039 2649 2112 2678 rex
2126 2667 2138 2686 ‚
2165 2649 2422 2689 seorsumque
2448 2638 2548 2688 ipsi,
2571 2639 2660 2677 tum
2683 2636 2854 2677 advocat
2868 2636 2942 2676 hos

1640 2704 1934 2753 compotatores
1966 2714 2069 2742 unus
2097 2714 2149 2742 ex
2182 2703 2390 2742 eunuchis.
2421 2702 2498 2749 Qui
2530 2702 2599 2742 ubi
2634 2713 2766 2753 regem
2793 2708 2940 2741 conve·

1639 2767 1806 2816 nerunt,
1832 2766 1976 2806 bibunt
2003 2778 2095 2806 eum
2126 2778 2196 2818 eo3
2225 2777 2299 2806 nec
2327 2778 2423 2806 vero
2453 2767 2560 2806 idem
2589 2767 2728 2806 vinum
2756 2765 2795 2804 hi
2821 2766 2941 2816 atque

1639 2829 1728 2880 ille;
1746 2830 1841 2881 ethi
1857 2830 2019 2881 quidem
2036 2830 2148 2869 humi
2167 2830 2368 2880 sedenteS,
2386 2842 2458 2870 rex
2472 2841 2568 2870 vero
2594 2831 2758 2872 inlecto
2783 2843 2940 2874 recum-

1640 2893 1738 2932 bens
1749 2894 1878 2933 aureis
1893 2894 2057 2944 pedibus
2071 2895 2291 2934 instructo:
2311 2894 2483 2944 denique
2499 2905 2619 2945 supra
2635 2895 2800 2936 modum
2813 2899 2942 2937 temu-

1643 2959 1738 2998 lenti
1756 2959 1978 3000 discedunt.
2012 2961 2252 3011 Plerumque
2285 2971 2381 3000 vero
2408 2972 2480 3000 rex
2509 2961 2618 3001 solus
2640 2962 2681 3001 et
2706 2962 2876 3012 prandet
2901 2965 2941 3004 et

1642 3026 1773 3064 coenat
1795 3025 2022 3065 :interdum
2041 3037 2136 3066 vero
2161 3037 2262 3065 uxor
2277 3037 2371 3065 cum
2398 3035 2446 3065 eo
2473 3027 2628 3076 coenat,
2654 3029 2696 3067 et
2722 3027 2940 3068 liberorum

1642 3093 1835 3132 nonnulli.
1866 3094 1916 3132 Et
1938 3094 2040 3133 inter
2062 3089 2304 3133 coenandum
2327 3098 2477 3134 canunt
2495 3095 2532 3135 ei
2549 3091 2823 3147 citharamque
2849 3097 2941 3149 pul-

1642 3158 1732 3196 sant
1747 3158 1932 3207 pellices,
1949 3168 2120 3208 quarum
2141 3169 2222 3198 una
2249 3159 2390 3199 modos
2415 3159 2555 3210 praeit,
2592 3161 2680 3199 tum
2707 3162 2852 3200 ceterae
2873 3171 2941 3201 ca—
2978 3163 2995 3214 ᾗ.

1644 3226 1746 3260 nunt
1759 3222 1983 3261 confertim.
2001 3225 2125 3262 Goena
2150 3224 2309 3272 autem,
2334 3222 2486 3273 inquit,
2503 3234 2596 3274 quae
2625 3224 2739 3275 Regis
2757 3226 2940 3275 vocatur,

1645 3285 1854 3334 magnilica
1873 3296 1957 3325 esse
1974 3286 2173 3326 videbitur
2195 3286 2228 3326 si
2243 3287 2334 3337 quis
2353 3287 2402 3327 de
2417 3298 2464 3327 ea
2479 3287 2599 3327 fando
2617 3287 2772 3328 audivit
2786 3303 2797 3328 ε
2813 3288 2874 3328 sin
2885 3288 2943 3328 di·
2979 3275 3000 3334 ’535

1645 3347 1830 3398 ligentius
1840 3349 2102 3400 inquisiverit,
2122 3350 2318 3400 prudente
2329 3350 2504 3401 quadam
2521 3351 2745 3402 frugalitate
2755 3354 2946 3393 accurate
2994 3341 3001 3386 τ’

1646 3413 1912 3464 dispensatam
1928 3416 2119 3467 reperiet;
2133 3416 2359 3467 pariterque
2369 3417 2539 3457 aliorum
2549 3420 2759 3458 Persarum
2770 3428 2944 3470 menam,

1646 3483 1687 3522 in
1703 3483 1869 3534 imperio
1884 3484 2018 3538 aliquo
2034 3486 2357 3525 constitutorum.
2375 3485 2533 3526 Etenim
2548 3486 2657 3527 mille
2672 3486 2834 3539 quidem
2844 3498 2943 3539 quo·
2979 3489 2985 3497 ⁴

1647 3550 1744 3590 tidie
1773 3551 1948 3591 victimae
1976 3553 2056 3602 regi
2094 3552 2304 3592 caeduntur
2326 3568 2336 3592 ε
2362 3553 2402 3592 in
2421 3552 2565 3603 quibus
2587 3554 2681 3593 sunt
2703 3554 2745 3594 et
2761 3554 2853 3605 equi
2867 3584 2880 3605 ,
2902 3556 2946 3596 et
2979 3551 2989 3595 }-
3009 3571 3011 3573 ·

1649 3620 1812 3670 cameli,
1832 3621 1873 3659 et
1893 3619 2039 3669 boves,
2057 3620 2097 3659 et
2112 3619 2236 3670 asini,
2261 3621 2302 3660 et
2324 3619 2456 3674 cerri,
2477 3619 2517 3659 et
2531 3619 2703 3670 plurima
2717 3608 2808 3671 pars
2822 3631 2943 3672 oves3
2985 3614 3002 3648 ³³

1650 3685 1938 3723 consumuntur
1953 3693 2048 3723 vero
2063 3683 2202 3722 multae
2218 3683 2339 3723 etiam
2353 3693 2463 3734 aves,
2489 3682 2733 3723 struthiones
2761 3683 2944 3735 Arabici,

1653 3747 1772 3797 (vasti
1787 3745 1964 3798 corporis
1992 3746 2172 3786 animans
2197 3747 2270 3797 eet)
2299 3748 2340 3787 et
2364 3757 2522 3786 anseres
2547 3749 2589 3786 et
2612 3746 2703 3796 galli
2723 3747 2944 3798 gallinacei.

1651 3814 1701 3851 Et
1723 3812 1866 3851 horum
1894 3811 2055 3862 quidem
2071 3811 2228 3851 modica
2243 3822 2333 3862 pars
2349 3811 2562 3862 apponitur
2586 3811 2732 3863 cuique
2754 3811 2944 3854 conviva-

1651 3887 1741 3914 rum
1758 3875 1879 3926 regis,
1894 3877 1934 3915 et
1949 3875 2118 3914 domum
2133 3874 2392 3915 auferendum
2414 3874 2584 3925 quisque
2611 3878 2726 3916 curat
2751 3875 2946 3928 quidquid

1651 3939 1724 3989 ipsi
1739 3939 1789 3979 de
1811 3939 1978 3990 prandio
1993 3941 2183 3990 superest.
2204 3939 2380 3979 Plurima
2398 3950 2493 3979 vero
2522 3951 2614 3991 pars
2641 3939 2806 3980 istarum
2831 3940 2954 3987 victis
2995 3950 3000 3954 ’

1650 4013 1810 4042 marum
1843 4002 2104 4054 ciborumque
2127 4003 2176 4055 ¹in
2205 4013 2322 4043 usum
2352 4003 2571 4044 satellitum
2594 4005 2646 4044 et⁴
2663 4004 2946 4056 penestarum,
2987 4030 2994 4042 1

1651 4077 1752 4117 quos
1771 4067 1842 4107 alit
1861 4078 1933 4107 rex
1946 4098 1958 4118 ‚
1975 4068 2016 4107 in
2035 4067 2169 4108 aulam
2197 4066 2372 4107 defertur
2398 4083 2408 4109 ε
2430 4067 2485 4107 ibi
2514 4068 2722 4119 epularum
2741 4064 2945 4119 praefecti,
2984 4099 3005 4129 ’.β

1651 4131 1828 4171 carnium
1840 4134 1880 4172 et
1892 4143 2038 4182 panum
2048 4142 2184 4182 aequas
2196 4130 2382 4171 facientes
2389 4133 2535 4182 partes,
2545 4133 2678 4172 omnia
2685 4131 2943 4174 distribuunt.

1653 4196 2000 4242 Quemadmodum
2019 4196 2126 4236 enim
2153 4195 2383 4236 mercenarii
2404 4195 2549 4236 milites
2574 4197 2615 4237 in
2643 4196 2795 4237 Groecia
2818 4205 2948 4247 poem.
2991 4195 3005 4254 'j

2944 229 2974 468 ῦ.ὶω.’ῗ’·“’
2940 116 2944 176 ι’

2977 328 2991 533 ῙἮΊΕΜΙῚἏῐμ-Σᾛ
2978 260 2990 318 -’-ᾼ
2987 231 2989 247 -
2978 66 2989 222 4..-.---..„
2985 21 2987 55 ᾼ-.

2695 1565 2828 1616 Ἔστι
2849 1565 2928 1628 μὲν
2964 1576 2979 1604 ·.

2970 1081 3001 1856 ⁴⁴”mfflmT-z‘
2967 1712 2969 1714 Ι
2975 1674 2977 1678 Α
2974 1547 2987 1558 'v
2971 1481 2974 1484 ί
2970 1404 2976 1415 ⁸
2974 1259 2975 1262 „
2981 693 2997 1083 „mu-vm.
2980 629 2993 693 m<
2980 533 2993 627 ι’·-ι-ψ-ει

2974 2487 3006 2549 ⁴}

2975 2561 2996 2623 ,ἃ
