3016 4628
107 429 321 487 Interpr.
352 425 533 470 Platon.
573 420 796 467 Phaedon.
820 434 868 480 p.
906 419 1018 476 108,
1041 422 1108 476 D3
1144 421 1301 464 Petav‚
1339 418 1398 462 ad

50 487 94 559 ’ᾖ
110 500 285 557 Julian.
299 513 346 557 p.
370 495 458 553 763
479 495 622 554 Sillig.
637 493 842 552 Catalog.
858 491 992 538 Artif.
1010 507 1060 551 p.
1081 506 1106 535 2
1119 506 1192 551 193
1212 492 1256 535 M
1264 490 1396 536 iiller.

67 571 410 637 ξῇΑῑτΙιαῑ-οῖος.
434 583 484 628 p.
516 571 576 620 4ο
599 581 668 625 sq.

422 663 635 729 ΝοΜοι
672 676 1103 726 ΠΑιΔΕΥΤιΚοι.

545 813 556 822 ,
631 789 813 834 LIBER
847 789 886 834 Ι.

717 893 794 951 78.

178 991 505 1037 Ammonius:
538 984 679 1040 Αἰδὼς
705 985 779 1033 καὶ
810 983 1005 1050 αἰσχύνη
1019 983 1265 1049 διαφέρει...
1293 986 1400 1032 Δια-

63 1039 326 1129 ἶἑκί-ἰδιιτέλλει
330 1056 645 1125 ’Ἀριστόξενος
661 1061 682 1105 ὁ
701 1056 903 1120 μουσικὸς
922 1056 1001 1113 τὴν
1032 1055 1237 1122 διαφορὰν
1272 1057 1315 1103 ἐν
1338 1057 1401 1122 τῷ

67 1130 275 1205 πρώτῳ
286 1130 453 1195 Νόμων
473 1132 774 1178 παιδευτικῶν.
793 1129 917 1188 Φησὶ
933 1127 1035 1194 γὰρ,
1052 1127 1257 1194 διαφορὰν
1275 1127 1401 1186 τήνδε

71 1205 340 1268 νομιστέον
364 1204 509 1267 0338065
529 1222 576 1251 τε
588 1201 662 1250 καὶ
673 1201 901 1267 αἰσχύνης,
918 1200 983 1249 ὅτι
1000 1204 1026 1259 ἦ
1049 1199 1126 1264 μὲν
1147 1199 1276 1254 αἰδὼς
1296 1200 1399 1266 πρὸς

56 1228 306 1366 ὲκὴλικίαν,
331 1275 437 1341 πρὸς
462 1273 636 1340 ἀρετὴν,
662 1274 766 1340 πρὸς
800 1273 1041 1339 ἐμπειρίαν,
1061 1273 1164 1340 πρὸς
1186 1273 1400 1329 εὐδοξίαν·

65 1374 78 1396 ι
114 1349 139 1395 ὃ
162 1347 292 1413 γὰρ’
273 1347 556 1411 επιστάμενος
581 1348 790 1395 αἰδεῖσθαι
820 1346 924 1412 πρὸς
957 1346 1142 1403 ἑκάστην
1166 1365 1251 1393 των
1285 1347 1400 1410 εἰρη·

0 1472 2 1476 ,
57 1458 73 1478 ..¹
115 1419 305 1483 μένωνε
289 1439 367 1468 υπε
373 1423 524 1484 ροχῶν
549 1418 837 1484 προσέρχεται
868 1418 979 1466 ούτω
1033 1417 1319 1481 διακείμενος,
1353 1419 1399 1466 οὐ

0 1513 2 1555 g
64 1495 66 1500 ’
117 1489 189 1538 διὰ
210 1491 258 1539 τὸ
277 1491 578 1557 ἡμαρτηκέναι
596 1511 652 1550 τι,
671 1490 783 1539 ἀλλὰ
807 1490 875 1538 διὰ
897 1490 942 1537 τὸ
963 1489 1163 1537 σέὸεσθαι
1183 1490 1256 1537 καὶ
1271 1497 1400 1553 τιμᾶν

54 1580 70 1623 „³
113 1562 190 1617 τὰς
224 1561 450 1628 εἰρημένας
485 1563 726 1628 ὑπεροχάς·
761 1566 789 1620 ἡ
824 1563 860 1610 δ’
898 1561 1083 1627 αἰσχύνη
1116 1565 1286 1626 πρῶτον
1324 1559 1401 1625 μὲν

58 1674 60 1678 ,
115 1635 220 1700 πρὸς
256 1635 400 1683 πάντα
437 1635 680 1700 ἄνθρωπον,
714 1634 862 1682 ἔπειτα
898 1634 966 1682 ἐπὶ
1000 1642 1087 1688 τοῖς
1114 1633 1403 1697 νομιζομένοις

113 1709 321 1773 αἰσχροῖς.

177 1781 352 1827 Eadem
381 1783 520 1842 plane
551 1785 663 1830 Her.
693 1784 826 1827 Philo
858 1799 906 1842 p.
949 1783 1038 1828 160
1067 1783 1142 1827 ed.
1176 1783 1399 1829 Valcken.

0 1849 1 1868 *
66 1870 90 1914 ᾗ4
112 1861 158 1899 et
171 1853 278 1901 cod.
292 1854 492 1900 Sorbon.
509 1856 711 1914 Etymol.
727 1857 877 1901 Tzetz.
894 1856 944 1899 in
964 1844 1111 1899 schol.
1129 1855 1188 1900 ad
1212 1856 1403 1901 Hesiod.

71 1922 204 1995 {4402
237 1943 326 1987 190
354 1944 365 1974 z
395 1924 536 1980 Αἰδὼς
568 1926 643 1973 καὶ
671 1925 855 1991 αἰσχύνη
880 1926 994 1974 κατὰ
1018 1926 1317 2017 Ἀριστόξενον
1331 1926 1404 1974 τὸν

63 1986 317 2062 ρμουσικὸν
332 1997 457 2063 διαφέ
437 2017 590 2063 ..·ρουσι
611 1997 768 2046 καὶῖνα
784 1997 839 2046 τὰ
853 1997 994 2045 πολλὰ
1009 2000 1160 2058 τούτου
1175 2019 1235 2046 πα
1243 1999 1402 2064 ρεάσω,

67 2058 242 2130 ἀἰδὼς
275 2068 353 2132 μὲν
389 2074 416 2128 ἡ
458 2069 593 2135 μικρὰ
632 2070 707 2118 καὶ
745 2070 816 2118 ἐπὶ
853 2072 939 2125 τοῖς
973 2077 1152 2136 τυχοῦσι
1195 2072 1404 2135 γενομένη

76 2123 326 2209 ᾧποστολὴ
361 2142 535 2190 εὖλαὸει
561 2144 789 2209 λογισμῶ,
818 2143 1001 2207 αἰσχύνη
1045 2144 1089 2191 δε
1122 2147 1149 2201 ἡ
1182 2146 1224 2190 ἐν
1259 2145 1407 2198 κακοῖς

84 2235 105 2242 ‘-
170 2214 280 2276 ιμία.
305 2215 378 2263 Id.
401 2217 462 2261 ad
479 2232 542 2263 vs.
570 2216 702 2265 316:
727 2214 864 2262 Καὶὸ
888 2214 966 2278 μὲν
1001 2217 1205 2279 μουσικὸς
1225 2215 1408 2306 ΞΑριστό-

66 2281 224 2341 ξενος
274 2286 481 2351 αἰσχύνης
519 2279 606 2334 οἶδε
642 2287 716 2334 καὶ
755 2288 896 2341 αἰδους
926 2287 1150 2353 διαφοράν·
1166 2287 1405 2375 αἰσχύνην

91 2351 196 2420 ,μὲν
219 2359 364 2406 καλῶν
376 2358 453 2417 τὴν
470 2358 701 2423 γενομένην
725 2358 899 2421 ἀτιμίαν
922 2360 992 2405 ἐπ’
1015 2360 1224 2424 αἰσχροῖς,
1248 2352 1334 2406 οἷον
1357 2358 1406 2406 τὸ

41 2378 228 2494 Ψετὰ
253 2429 331 2488 τὴν
358 2429 524 2489 κλοπὴν
553 2431 716 2478 ἁλῶναι
749 2430 844 2477 τινὰ
867 2431 941 2478 καὶ
966 2435 1149 2495 καρῆναι
1173 2430 1246 2478 καὶ
1271 2431 1404 2494 δημο-

98 2498 217 2559 ιιίως
252 2507 482 2569 τυφθῆναι·
523 2503 631 2550 αἰδὼ
669 2503 714 2550 δὲ
753 2502 829 2561 τὴν
870 2502 1096 2550 εὗλάὸειαν
1138 2502 1212 2550 καὶ
1244 2503 1404 2566 σεμνὴν

92 2559 366 2632 ἦποστολην
488 2639 490 2642 .

615 2666 798 2709 LIBER
832 2666 897 2711 X.

720 2775 799 2819 79·

134 2854 318 2914 Diog.
344 2855 397 2900 L.
421 2855 558 2910 VIII,
595 2851 697 2900 15:
722 2849 908 2914 Ἔλεγόν
934 2870 980 2898 τε
1005 2850 1079 2898 καὶ
1098 2852 1137 2898 οἱ
1159 2852 1282 2898 ἄλλοι
1305 2854 1404 2900 Πυ-

99 2924 357 3000 οιγόρειοι,
395 2923 455 2986 μὴ
497 2928 605 2971 εἰναι
635 2923 742 2989 πρὸς
780 2923 944 2977 πάντας
981 2922 1122 2970 πάντα
1163 2922 1300 2989 ῥητὰ,
1337 2922 1394 2978 ὥς

720 3214 793 3254 78.

119 3310 428 3355 Aristoxenus
457 3315 633 3358 musicus
651 3315 753 3356 libro
783 3315 911 3366 primo
935 3318 1083 3365 Legum
1110 3315 1161 3354 ad
1189 3315 1406 3355 institutio-

180 3380 488 3430 spectantium
504 3380 769 3420 differentiam
800 3389 943 3418 vocum
965 3381 1085 3424 αἰδώς
1102 3381 1143 3419 et
1166 3380 1332 3430 αἰσχύνη
1353 3380 1407 3419 ita

162 3443 281 3494 nit,
297 3446 344 3485 ut
358 3446 475 3490 αἰδώς
494 3445 689 3496 pertineat
704 3444 754 3484 ad
769 3446 950 3492 aetatem,
966 3445 1179 3492 virtutem,
1197 3442 1406 3494 peritiam,

132 3500 156 3516 ⁴'
158 3523 175 3543 ¹·
217 3519 297 3550 am.
349 3513 450 3551 Nam
470 3511 539 3561 qui
563 3511 750 3550 αἰδεῖσθαι·
771 3509 869 3559 scit,
896 3509 946 3549 ad
968 3520 1107 3549 omnes
1126 3510 1198 3549 has
1220 3509 1409 3549 excellen-

124 3616 148 3630 ,
184 3573 370 3631 accedit
391 3585 484 3614 cum
506 3573 684 3624 pudore,
700 3585 780 3614 uon
801 3570 922 3624 quod
931 3572 1151 3624 quidquam
1174 3573 1406 3623 deliquerit,

135 3634 195 3699 a
205 3628 261 3676 ·ιιι
281 3636 391 3687 quod
407 3638 595 3678 vereatur
613 3638 709 3678 istas
732 3639 772 3677 et
797 3637 988 3686 honoret,
1014 3637 1178 3687 αἰσχύνη
1203 3647 1298 3675 vero
1316 3646 1406 3686 per-

180 3701 413 3804 ιιᾶιιοιιιιιιιι
435 3701 484 3742 ad
506 3703 691 3753 quemvis
710 3702 936 3750 hominem,
960 3701 1102 3741 deinde
1122 3701 1172 3740 de
1191 3701 1307 3740 rebus
1321 3703 1404 3739 tur-

150 3788 164 3813 „x
177 3778 227 3797 ²¹2-
317 3763 411 3805 itur.

723 3849 796 3890 79.

235 3933 465 3984 &reliqui
486 3935 721 3986 Pythagorei
736 3934 922 3975 dicebant
937 3945 1015 3973 non
1033 3943 1118 3973 esse
1132 3933 1266 3972 omnia
1281 3933 1404 3972 omni·

159 3983 441 4046 pandenda
457 3999 504 4038 ut
530 3997 586 4037 ait
613 3998 869 4038 Aristoxenus
893 3997 996 4037 libro
1013 3997 1168 4037 decimo
1186 3999 1243 4036 De
1257 3995 1408 4046 legibus

80 4108 83 4111 Ι
151 4096 185 4128 3*
226 4059 485 4101 titutionem
517 4061 839 4101 accommodatis.
870 4060 947 4100 Ubi
974 4061 1014 4100 et
1040 4060 1304 4110 Xenophilum
1332 4062 1406 4109 Py·

157 4129 214 4187 γ
285 4133 354 4164 ιιι
382 4123 691 4176 interrogatum,
726 4136 805 4176 quo
834 4126 952 4176 pacto
979 4125 1128 4176 optime
1158 4124 1284 4164 filium
1315 4135 1406 4163 eru-

227 4206 256 4238 r
275 4187 419 4228 dixisse
440 4189 582 4240 refert,
606 4190 637 4231 si
661 4190 776 4230 bonis
803 4189 954 4240 legibus
973 4191 1092 4243 rectae
1119 4189 1290 4229 civitatis
1308 4187 1406 4228 civis

315 4321 548 4359 ῒιιΑσιιιιινΤΑ
573 4332 673 4360 ιιιετ.
703 4332 765 4359 (ιιι
785 4333 932 4361 -νοι,
966 4335 1006 4362 ιι.

875 308 959 360 DE
995 310 1256 372 MUfflCA,
1295 309 1515 359 LEGUM
1552 311 1954 359 FRAGMENTA.

44 3114 50 3143 ,
96 3078 320 3156 gneus
355 3079 441 3126 AD
465 3078 966 3126 ιΝεΤιΤυΤιοΝΕΜ
994 3076 1443 3126 SPECTANTES.

2660 324 2754 365 289

1487 435 1614 480 φησιν
1650 416 1930 481 Ἀριστόξενος
1955 420 1997 464 ἐν
2029 420 2080 481 τῇ
2102 419 2269 483 δεκάτη
2295 424 2589 470 Παιδευτικῶν
2613 423 2768 486 νόμων,

1473 486 1612 537 Ἔνθα
1646 488 1719 535 καὶ
1754 489 1987 552 Ξενόφιλον
2020 490 2282 553 ἐρωτηθέντα
2303 530 2315 551 ,
2356 497 2445 547 πῶς
2475 495 2526 541 ἂν
2566 495 2755 556 μάλιστα

1477 558 1549 606 τὸν
1574 559 1662 607 υἱὸν
1690 560 1974 617 παιδεύσειεν,
2008 563 2159 619 εἰπεῖν,
2188 564 2223 607 εἰ
2259 563 2420 618 πόλεως
2446 565 2757 628 εὐνομουμένης

1475 631 1687 694 γενηθείη.

1823 718 2026 766 ΝΟΜΟΙ
2064 719 2410 768 ΠΟΛΙΤΙΚΟΙ.

1945 813 2128 858 LIBER
2164 816 2289 860 VIII.

2078 900 2154 947 80.

1541 989 1786 1033 Athenaeus
1796 990 1922 1046 XIV,
1933 1004 1980 1049 p.
1993 987 2106 1043 648,
2122 990 2181 1044 D,
2195 997 2441 1048 postquam
2452 990 2653 1036 laudavit
2666 1007 2762 1037 ver-

1474 1074 1575 1104 sum
1597 1075 1652 1105 ex
1681 1069 1898 1120 poemate
1929 1060 2061 1120 quod
2085 1057 2252 1123 Χείρων
2279 1061 2546 1106 inscribitur
2579 1072 2624 1107 et
2650 1061 2762 1124 Epi-

1475 1132 1666 1177 charmo
1691 1133 1837 1177 tribui*
1854 1134 1993 1190 solet,
2015 1133 2170 1194 pergit
2197 1147 2206 1176 :
2234 1130 2304 1179 Τὰ
2325 1129 2369 1177 δὲ
2393 1132 2761 1196 ψευδεπιχάρμεια

1474 1207 1612 1250 ταῦτα
1652 1202 1942 1260 πεποιήκασιν
1990 1202 2137 1269 ἄνδρες
2183 1202 2365 1257 ἔνδοξοι·
2408 1204 2675 1268 Χρυσόγονός
2717 1227 2762 1253 τε

1474 1278 1496 1323 ὁ
1519 1273 1720 1334 αὐλητὴς,
1743 1274 1800 1329 ὥς
1823 1294 1951 1338 φησιν
1981 1274 2261 1340 Ἀριστόξενος
2289 1277 2331 1322 ἐν
2360 1275 2495 1340 ὀγδόῳ
2522 1278 2763 1324 Πολιτικῶν

1475 1347 1633 1410 νόμων,
1658 1348 1735 1405 τὴν
1758 1346 1990 1397 Πολιτείαν
2010 1347 2371 1414 ἐπιγραφομένην.

1767 1449 1949 1511 (ΠΕΡΙ
1986 1449 2476 1510 ΑΡΙΘΜΗΤΙΚΗΣ.)

2083 1537 2162 1583 81.

1542 1626 1713 1670 Stobaei
1736 1627 1895 1686 Eclog.
1924 1626 2059 1685 Phys.
2080 1627 2102 1669 Ι
2118 1659 2130 1681 ,
2151 1641 2199 1685 p.
2230 1626 2285 1669 16
2309 1627 2385 1673 ed.
2415 1629 2551 1672 Heer.
2573 1643 2582 1669 ε
2604 1624 2698 1681 Τὴν
2723 1624 2765 1670 δὲ

1477 1695 1576 1761 περὶ
1621 1695 1717 1749 τοὺς
1761 1695 1965 1760 ἀριθμοὺς
2009 1695 2310 1761 πραγματείαν
2355 1697 2543 1759 μάλιστα
2591 1697 2766 1743 πάντων

1475 1771 1659 1831 τιμῆσαι
1689 1769 1804 1816 δοκεῖ
1839 1767 2118 1834 Πυθαγόρας,
2154 1767 2228 1815 καὶ
2257 1769 2459 1834 προάγειν
2494 1772 2551 1824 εἰς
2577 1770 2625 1816 τὸ
2656 1771 2767 1832 πρό-

1478 1845 1593 1904 σθεν,
1618 1840 1856 1904 ἀπαγαγὼν
1882 1841 1968 1888 ἀπὸ
1989 1845 2064 1898 τῆς
2098 1843 2182 1888 τῶν
2220 1841 2420 1907 ἐμπόρων
2438 1841 2604 1908 χρείας,
2626 1842 2768 1888 πάντα

1478 1911 1533 1959 τὰ
1568 1913 1809 1978 πράγματα
1842 1914 2083 1970 ἀπεικάζων
2108 1921 2194 1968 τοῖς
2228 1916 2434 1980 ἀριθμοῖς.
2505 1917 2546 1963 Τ
2550 1914 2576 1961 ά
2615 1933 2660 1961 τε
2683 1914 2767 1977 γὰρ

1479 1986 1591 2033 ἄλλα
1627 1986 1804 2049 ἀριθμὸς
1838 1986 1955 2051 ἔχει,
1986 1987 2059 2035 καὶ
2085 1987 2207 2051 λόγος
2239 1988 2328 2035 ἐστὶ
2351 1988 2524 2035 πάντων
2558 1990 2641 2035 τῶν
2677 1991 2768 2050 ἀρι-

1479 2061 1598 2121 θμῶν
1634 2057 1738 2123 πρὸς
1764 2059 1990 2116 ἀλλήλους.
2030 2058 2257 2122 Αἰγύπτιοι
2292 2060 2327 2105 δ’
2355 2060 2515 2124 Ἑρμοῦ
2547 2058 2673 2124 φασὶν
2699 2059 2765 2105 εὕ·

1481 2149 1598 2196 ρημα
1618 2167 1630 2190 ,
1673 2129 1719 2177 ὃν
1750 2135 1931 2178 καλοῦσι
1966 2133 2096 2180 Θώθ·
2132 2134 2170 2179 οἱ
2202 2129 2246 2178 δὲ
2285 2134 2333 2179 ἐκ
2366 2135 2451 2179 τῶν
2479 2131 2600 2179 θείων
2645 2152 2768 2197 περι-

1480 2206 1619 2268 φορῶν
1641 2205 1932 2261 ἕπινοηθῆναι.
2024 2202 2171 2258 Μονὰς
2192 2202 2268 2265 μὲν
2293 2198 2364 2251 οὖν
2390 2203 2504 2250 ἐστὶν
2531 2203 2645 2267 ἀρχὴ
2676 2206 2768 2263 ‹ipt-

1480 2278 1608 2335 θμοῦ,
1633 2274 1809 2339 ἀριθμὸς
1833 2274 1878 2321 δὲ
1895 2274 1942 2322 τὸ
1963 2276 2011 2322 ἐκ
2038 2277 2121 2322 τῶν
2144 2275 2339 2337 μονάδων
2364 2277 2523 2332 πλῆθος
2542 2275 2768 2337 συγκείμε-

1480 2365 1565 2393 νον.
1589 2348 1689 2394 Τῶν
1721 2345 1766 2393 δὲ
1789 2349 1981 2411 ἀριθμῶν
2009 2346 2146 2410 ἄρτιοι
2172 2346 2249 2407 μὲν
2278 2346 2383 2394 εἰσὶν
2411 2349 2449 2394 οἱ
2477 2350 2535 2401 εἰς
2567 2347 2640 2394 ἴσα
2663 2349 2768 2393 διαι·

1482 2417 1701 2481 ρούμενοι,
1728 2418 1923 2483 περισσοὶ
1948 2417 1991 2465 δὲ
2011 2421 2049 2466 οἱ
2070 2421 2127 2471 εἰς
2152 2419 2305 2479 ἄνισα,
2331 2418 2405 2465 καὶ
2426 2418 2555 2481 μέσον
2582 2417 2766 2482 ἔχοντες.

1481 2488 1632 2541 Οὕτως
1655 2492 1697 2537 ἐν
1722 2491 1947 2555 περισσαῒς
1971 2490 2151 2556 ἡμέραις
2169 2494 2213 2538 αἱ
2237 2491 2394 2556 κρίσεις
2410 2494 2493 2538 τῶν
2510 2490 2765 2553 νοσημάτων

1479 2561 1673 2625 γίνεσθαι
1695 2562 1962 2614 δοκοῦσικαὶ
1988 2565 2030 2609 αἱ
2057 2563 2322 2626 μεταὸολαὶ,
2346 2563 2411 2610 ὅτι
2431 2566 2452 2609 ὁ
2476 2564 2673 2625 περιττὸς
2692 2566 2765 2610 καὶ

1481 2633 1619 2698 ἀρχὴν
1649 2633 1722 2680 καὶ
1750 2635 1950 2691 τελευτὴν
1972 2635 2045 2683 καὶ
2069 2635 2197 2698 μέσον
2222 2636 2338 2700 ἔχει,
2360 2638 2494 2701 ἀρχῆς
2521 2636 2595 2682 καὶ
2625 2637 2767 2697 ἀκμῆς

1480 2707 1554 2753 καὶ
1576 2710 1814 2771 παρακμῆς
1841 2708 2045 2772 ἐχόμενα.

1546 2783 1649 2826 Alia
1680 2782 1892 2840 quaedam
1926 2799 1981 2827 ex
2000 2785 2334 2842 philosophicis
2367 2785 2629 2827 Aristoxeni
2655 2785 2770 2827 scri-

1479 2854 1571 2912 ptis
1601 2853 1804 2897 afferunt
1827 2855 1988 2899 Cicero
2013 2864 2059 2900 et
2082 2871 2138 2899 ex
2159 2870 2216 2899 eo
2231 2889 2243 2911 ,
2267 2864 2317 2898 ut
2351 2855 2553 2916 videtur,
2578 2858 2769 2900 Lactan-

1482 2927 1590 2970 tius.
1619 2927 1730 2983 Quae
1752 2926 1980 2986 subjicere
2003 2929 2154 2974 liceat.

1565 3064 1758 3113 LEGES
1793 3065 1879 3113 AD
1916 3066 2234 3114 REMPUBL.
2275 3066 2684 3114 SPECTANTES.

1533 3213 1720 3253 Carmina
1740 3214 1847 3262 haec,
1878 3225 1968 3264 quae
1995 3214 2232 3264 Epicharmo
2260 3214 2358 3253 salso
2384 3213 2586 3262 tribuunt,
2610 3224 2634 3251 a
2653 3212 2770 3252 claris

1481 3277 1575 3317 viris
1595 3278 1699 3317 sacta
1713 3280 1806 3318 sunt
1820 3291 1831 3327 ;
1845 3279 2124 3329 Chrysogonus
2141 3278 2302 3327 tibicen,
2317 3279 2361 3316 ut
2374 3277 2494 3316 tradit
2512 3276 2770 3316 Aristoxenus

1480 3341 1582 3380 libro
1608 3343 1751 3381 octavo
1777 3345 1925 3392 Legum
1959 3342 2158 3390 civilium,
2184 3344 2322 3380 auctor
2341 3343 2400 3379 est
2434 3340 2618 3379 carminis
2642 3340 2767 3389 illius,

1481 3405 1589 3455 quod
1607 3405 1835 3445 inscribitur
1857 3406 2124 3457 Respublica.

2087 3474 2158 3514 81.

1534 3540 1584 3579 At
1607 3550 1864 3579 numerorum
1891 3538 2139 3590 disciplinam
2167 3539 2330 3579 maximi
2352 3537 2509 3579 videtur
2535 3539 2669 3579 fecisse
2698 3540 2767 3587 l‘y·

1481 3605 1678 3655 thagoras,
1693 3607 1733 3644 et
1748 3616 1771 3644 a
1788 3607 2052 3645 mercatorum
2071 3617 2144 3645 usu
2164 3605 2375 3645 abductam
2393 3605 2634 3655 provexisse,
2651 3603 2768 3642 rebus

1480 3668 1663 3707 omnibus
1678 3679 1770 3708 cum
1793 3669 1968 3709 numeris
1994 3669 2242 3720 comparatis.
2266 3671 2363 3708 Nam
2387 3679 2511 3718 quum
2531 3667 2607 3706 alia
2625 3676 2765 3705 nume-

1482 3743 1550 3771 rus
1576 3733 1718 3783 habet,
1750 3735 1836 3773 tum
1860 3735 1919 3773 est
1947 3734 2133 3784 quaedam
2172 3743 2429 3772 numerorum
2451 3733 2552 3771 inter
2575 3742 2617 3770 se
2649 3729 2762 3768 ratio.

1481 3798 1651 3849 AEgyptii
1678 3809 1774 3838 vero
1800 3800 2012 3848 Mercurii,
2039 3809 2160 3849 quem
2188 3798 2319 3838 Thoth
2346 3798 2511 3845 vocant,
2534 3795 2608 3834 hoc
2630 3794 2765 3832 inven-

1479 3864 1568 3901 tum
1594 3872 1678 3902 esse
1707 3863 1910 3912 statuun33
1938 3862 2072 3902 allide
2101 3860 2275 3902 motibus
2305 3859 2528 3899 coelestibus
2552 3856 2763 3896 collectum

1480 3925 1634 3965 volunt.
1657 3926 1798 3966 Unitas
1819 3927 1879 3965 est
1894 3925 2048 3965 numeri
2074 3925 2308 3975 principium
2321 3953 2333 3972 ,
2355 3931 2541 3961 numerus
2563 3919 2760 3958 unitatum

1481 3989 1708 4030 multitudo.
1730 3992 1831 4031 sunt
1856 3992 1991 4030 autem
2013 3990 2166 4030 numeri
2185 3988 2250 4028 alii
2269 3997 2403 4038 [ιω-οε,
2423 3984 2491 4034 qui
2511 3985 2550 4022 in
2572 3982 2761 4032 aequalia,

1480 4055 1546 4095 alii
1558 4056 1743 4107 impares,
1761 4055 1829 4106 qui
1845 4056 1887 4095 in
1899 4055 2108 4105 inaequalia
2120 4053 2350 4093 dividuntur
2362 4052 2401 4089 et
2415 4048 2588 4088 medium
2599 4046 2757 4085 habent.

1482 4124 1566 4162 Hoc
1581 4123 1698 4172 pacto
1714 4121 1832 4161 crises
1845 4120 2075 4160 morborum
2088 4121 2127 4158 et
2142 4117 2331 4157 transitus
2342 4115 2381 4152 in
2394 4113 2531 4152 diebus
2544 4110 2760 4160 imparibus

1480 4185 1740 4234 collocantur,
1770 4184 1880 4235 quod
1908 4184 1941 4223 is
1957 4193 2146 4222 numerus
2179 4177 2412 4230 principium
2438 4174 2615 4214 habetet
2643 4173 2759 4212 finem

1480 4251 1519 4290 et
1534 4249 1709 4290 medium
1724 4262 1735 4294 ;
1754 4247 1908 4288 initium
1920 4278 1932 4298 ,
1949 4247 2120 4297 vigorem
2138 4247 2178 4285 et
2193 4244 2419 4291 languorem
2440 4238 2682 4287 complexus.

2506 4314 2544 4344 ιο
