3016 4628
199 246 289 285 390

261 339 383 389 XLV
391 341 447 387 ΙΙ.
485 336 591 385 Ἀπὸ
616 333 698 399 γὰρ
738 335 821 380 τῶν
848 331 1029 396 πρώτων
1053 328 1215 394 τάφων,
1244 329 1286 374 ἐν
1315 330 1376 379 οῖς
1394 343 1478 370 πα·

202 412 424 477 ραδέδοται
466 408 542 462 τὰς
576 405 846 458 παλλακίδας
884 423 956 450 του
991 401 1091 455 Διὸς
1121 400 1355 465 τεθάφθαι,
1378 396 1480 443 δέκα

197 483 381 530 σταδίων
398 481 524 546 φασὶν
549 477 734 542 υπάρξαι
761 475 968 541 βασιλέως
991 477 1142 536 μνῆμα
1170 490 1245 519 του
1274 486 1480 560 προςαγο·

199 553 411 617 ρευθέντος
439 548 766 613 Ὀσυμανδύου·
790 547 940 595 τούτου
967 546 1010 593 δὲ
1035 543 1148 592 κατὰ
1176 543 1252 606 μὲν
1277 540 1354 599 τὴν
1386 537 1483 592 εἴςο-

198 628 266 672 δον
299 624 507 688 ὑπάρχειν
546 623 724 669 πυλῶνα
756 620 875 667 λίθου
917 616 1139 678 ποικίλου,
1165 634 1212 662 το
1233 613 1309 676 μὲν
1349 616 1482 674 μ’ἤκος

198 697 436 762 δίπλεθρον,
463 695 511 742 τὸ
533 693 568 741 δ’
597 693 701 759 υψος
721 690 1035 756 τετταράκοντα
1060 707 1132 734 και
1155 687 1279 733 πέντε
1307 686 1482 747 πηχῶν·

202 769 254 831 (2)
297 766 502 814 διελθόντι
531 765 576 813 δὲ
598 763 725 811 αὐτὸν
749 756 858 810 εἶναι
878 761 1033 808 λίθινον
1056 758 1307 823 περίστυλον
1334 753 1481 819 τετρά-

199 859 347 903 γωνον,
366 839 550 895 ἑκάστης
564 839 751 901 πλευρᾶς
770 834 897 893 οὔσης
916 831 1126 897 τεττάρων
1146 829 1355 893 πλέθρων·
1380 830 1484 883 ὑπη-

202 916 364 977 ρεῖσθαι
380 911 416 959 δ’
436 910 529 958 ἀντι
554 913 637 957 τῶν
664 908 813 955 κιόνων
832 905 889 970 ζώ
879 906 962 951 δια
979 905 1132 966 πηχῶν
1155 899 1383 948 ἑκκαίδεκα
1403 916 1482 986 μο-

201 984 366 1043 νόλιθα,
390 982 461 1030 τὸν
484 981 615 1029 τύπον
640 982 696 1034 εἷς
718 980 789 1026 τὸν
820 980 997 1041 ἀρχαῖον
1026 973 1180 1039 τρόπον
1207 970 1483 1060 εἰργασμένα·

201 1055 278 1114 τὴν
299 1055 456 1121 ὀροφήν
487 1074 533 1102 τε
554 1060 697 1100 πᾶσαν
720 1051 788 1098 ἐπὶ
823 1049 983 1100 πλάτος
1008 1048 1120 1093 δυοῖν
1152 1046 1332 1109 ὀργυιῶν
1356 1041 1487 1104 ὑπάρ-

200 1147 293 1191 χειν
321 1126 553 1189 μονόλιθον,
581 1122 761 1187 ἀστέρας
785 1122 827 1166 ἐν
851 1122 993 1183 κυανῷ
1017 1113 1483 1176 καταπεποικιλμένην·

202 1199 298 1258 ἑξῆς
317 1198 360 1246 δὲ
374 1218 449 1246 του
469 1196 719 1262 περιστύλου
739 1191 865 1239 πάλιν
885 1190 1030 1255 ἑτέραν
1046 1188 1195 1242 εἴςοδον
1220 1187 1292 1235 καὶ
1309 1188 1484 1233 πυλῶνα

202 1272 257 1318 τὰ
288 1270 365 1334 μὲν
391 1271 502 1316 ἄλλα
539 1264 839 1331 παραπλήσιον
876 1266 935 1327 τῷ
959 1259 1282 1326 προειρημένῳ,
1308 1259 1488 1322 γλυφαῖς

205 1344 249 1391 δὲ
268 1341 491 1394 παντοίαις
519 1337 809 1412 περιττότερον
836 1332 1126 1399 εἰργασμένον.
1199 1333 1251 1393 (3)
1286 1330 1417 1394 Παρὰ
1442 1329 1486 1377 δὲ

203 1437 225 1463 τ
249 1435 281 1473 ,ν
305 1414 459 1468 εἴςοδον
488 1411 736 1476 ἀνδριάντας
761 1413 868 1455 εἰναι
891 1413 1001 1471 τρεῖς
1025 1405 1064 1460 ἐξ
1094 1404 1183 1458 ἑνὸς
1201 1423 1298 1457 τους
1323 1404 1487 1457 πάντας

204 1488 320 1535 λίθου
354 1486 575 1548 Μέμνονος
609 1488 679 1529 τοῦ
725 1481 958 1538 Συηνίτου·
990 1498 1064 1525 και
1100 1476 1261 1524 τούτων
1301 1475 1375 1523 ἕνα
1411 1475 1487 1538 μὲν

206 1560 444 1620 καθήμενον
467 1555 675 1621 ὑπάρχειν
699 1554 895 1616 μέγιστον
916 1550 1085 1597 πάντων
1122 1552 1204 1596 τῶν
1233 1548 1329 1596 κατ’
1356 1548 1489 1611 Αἴγυ-

206 1652 330 1691 πτον,
357 1635 405 1678 οὑ
429 1630 500 1677 τὸν
519 1629 628 1676 πόδα
654 1625 938 1692 μετρούμενον
960 1622 1246 1687 υπερὸάλλειν
1265 1641 1360 1674 τους
1381 1623 1492 1668 ἑπτὰ

207 1722 374 1768 πηχεις,
399 1701 602 1765 ἑτέρους
581 1699 623 1746 οὲ
645 1698 718 1746 δύο
740 1717 843 1763 προς
861 1700 946 1749 τοῖς
965 1695 1133 1758 γόνασι,
1149 1693 1220 1740 τὸν
1246 1693 1323 1756 μὲν
1348 1696 1395 1740 ἐκ
1419 1695 1492 1740 δε-

208 1777 319 1834 ξιῶν,
340 1774 410 1821 τὸν
430 1773 511 1821 δὲς
496 1772 537 1828 ἐξ
557 1771 798 1833 εὐωνύμων,
822 1767 1025 1833 θυγατρὸς
1044 1786 1117 1813 και
1133 1765 1292 1830 μητρός
1308 1802 1322 1826 ,
1340 1769 1400 1812 τιΝ)
1415 1784 1492 1827 με·

208 1847 319 1910 γέθει
347 1845 623 1907 λειπομένους
655 1848 726 1890 τοῦ
753 1839 1078 1907 προειρημένου,
1150 1840 1200 1900 (4)
1224 1837 1289 1887 Τὸ
1314 1837 1349 1885 δ’
1373 1836 1491 1901 ἔργον

211 1925 336 1967 τοῦτο
359 1918 419 1981 μὴ
446 1917 569 1979 μόνον
595 1910 703 1963 εἶναι
723 1914 834 1962 κατὰ
851 1913 898 1960 τὸ
924 1911 1098 1975 μέγεθος
1119 1913 1337 1975 ἀποδοχῆς
1361 1910 1493 1968 ἄξιον,

209 1990 321 2038 ἀλλὰ
345 1990 417 2038 καὶ
452 1993 504 2054 τῇ
528 1988 656 2053 τέχνιςΙ
679 1986 923 2047 θαυμαστὸν
947 2005 1021 2032 και
1049 1989 1101 2049 τῇ
1131 2004 1205 2031 του
1228 1983 1382 2030 λίθου
1372 1981 1494 2048 φύσει

210 2062 423 2128 διαφέρον,
451 2064 508 2115 ὡς
531 2060 581 2108 ἂν
604 2063 646 2106 ἐν
671 2057 908 2123 τηλικούτῳ
931 2058 1102 2121 μεγέθει
1124 2056 1235 2120 μήτε
1265 2055 1494 2120 διαφυάδος

210 2134 319 2195 μήτε
358 2134 527 2191 κηλῖδος
560 2133 770 2192 μηδεμιᾶς
805 2127 1111 2194 θεωρουμένης.
1150 2126 1497 2192 Ἔπιγεγράφθαι

209 2209 245 2252 δ’
270 2207 335 2254 ἐπ’
356 2209 485 2252 αὐτου
507 2227 525 2247 ι(
548 2203 755 2257 Βασιλευς
792 2201 1003 2267 βασιλέων
1036 2199 1345 2294 ἒΟσυμανδύας
1375 2198 1493 2263 εἰμί·

199 2282 244 2342 Δεἰ
269 2278 313 2326 δέ
332 2298 393 2331 τις
411 2277 564 2325 εἰδέναι
592 2276 790 2340 βούλεται
815 2275 997 2334 πηλίκος
1019 2274 1109 2336 εἶμι
1126 2293 1199 2320 και
1228 2293 1310 2320 που
1332 2277 1496 2335 κεῖμαι,

210 2351 370 2398 νικάτω
404 2369 444 2396 τι
469 2352 552 2395 τῶν
592 2351 705 2410 ἐμῶν
733 2346 926 2412 ἔργων.»
959 2348 995 2410 (5
977 2349 1014 2410 5)
1041 2338 1168 2395 Εἶναι
1189 2344 1234 2393 δὲ
1253 2345 1328 2393 καὶ
1361 2345 1496 2404 ἄλλην

210 2422 349 2470 εἰκόνα
369 2426 445 2479 τῆς
465 2421 622 2486 μητρὸς
643 2424 770 2468 αὐτοῦ
807 2423 904 2467 καθ’
927 2418 1059 2477 αυτὴν
1089 2419 1223 2467 εἴκοσι
1243 2423 1397 2484 πηχῶν
1421 2439 1499 2480 μο-

211 2494 390 2556 νόλιθον,
416 2493 595 2558 ἔχουσαν
625 2491 669 2540 δὲ
690 2499 800 2558 τρεῖς
839 2491 1059 2557 βασιλείας
1083 2491 1154 2538 ἐπὶ
1176 2495 1250 2550 τῆς
1279 2492 1497 2558 κεφαλῆς,

213 2633 406 2683 :apideum
436 2643 641 2671 occurrere
673 2631 915 2682 peristylium
944 2631 1205 2682 quadratum,
1223 2631 1335 2681 cujus
1355 2643 1499 2671 unum·

213 2698 395 2749 quodque
424 2699 528 2738 latus
554 2700 789 2748 quaternum
815 2698 1058 2750 plethrorum
1077 2697 1381 2739 :columnarum
1411 2697 1500 2736 loco

214 2764 439 2802 animalium
472 2764 707 2814 (Osiridis)
737 2763 869 2814 figuris
897 2762 1067 2803 sedecim
1095 2761 1322 2802 cubitorum
1343 2773 1395 2802 ex
1419 2773 1500 2801 uno

214 2838 323 2876 saxo,
342 2827 472 2876 figuris
487 2827 535 2865 ad
552 2827 757 2877 antiquum
774 2839 924 2873 morem
936 2827 1099 2876 castaus,
1113 2826 1336 2866 suffultum.
1354 2827 1500 2866 Totum

219 2901 310 2929 vero
318 2892 466 2930 tectum
476 2891 515 2930 et
527 2891 686 2930 lacunar
695 2891 791 2930 duas
800 2891 1083 2941 orgyiaslatum
1096 2891 1135 2929 et
1146 2889 1268 2929 stellis
1279 2891 1317 2929 in
1330 2890 1501 2930 caeruleo

220 2953 457 3003 variegatum
467 2964 488 2992 e
496 2954 619 2993 solido
633 2954 759 3004 lapide
771 2957 963 3004 constare3
975 2954 1190 2994 secundum
1200 2954 1240 2993 id
1254 2951 1501 3005 peristylum,

218 3018 431 3065 ingressum
460 3028 594 3056 rursus
625 3018 745 3056 alium
775 3020 816 3057 et
850 3019 995 3057 atrium
1027 3029 1132 3067 esse,
1167 3019 1300 3058 cetera
1333 3018 1504 3061 assimile

219 3080 362 3130 priori,
393 3074 460 3119 sed
489 3081 606 3120 variis
633 3082 842 3131 sculpturis
867 3082 1026 3122 uberius
1054 3083 1315 3122 elaboratum.
1372 3082 1427 3132 (3)
1457 3085 1504 3122 In

219 3145 327 3184 aditu
343 3147 422 3184 tres
443 3147 593 3184 statuas
611 3146 734 3185 videri
753 3158 800 3185 ex
819 3158 900 3186 uno
918 3158 1013 3186 saxo
1033 3159 1170 3187 omnes
1196 3148 1354 3198 Syenile
1373 3147 1504 3197 (opus

227 3211 449 3248 Memnonis
475 3210 720 3259 syenicaeP).
742 3212 893 3251 Harum
923 3223 1041 3251 unam
1071 3213 1228 3262 sedere,
1258 3213 1439 3252 omnium
1463 3212 1505 3252 in

223 3274 386 3322 ›Egypto
406 3273 616 3311 maximam
639 3289 647 3311 :
670 3285 758 3323 quae
780 3275 888 3324 pedis
914 3276 974 3314 sui
994 3287 1177 3316 mensura
1200 3277 1407 3316 excederet
1435 3288 1505 3315 cu·

223 3335 325 3374 bitos
355 3338 519 3384 septem.
592 3336 775 3386 Reliquas
801 3337 901 3378 duas
928 3339 976 3378 ad
1004 3351 1130 3390 genua
1161 3340 1265 3380 illius
1294 3340 1504 3391 repositas,

222 3399 387 3438 alteram
406 3409 430 3437 a
448 3398 596 3438 dextris
609 3429 619 3447 ,
637 3411 659 3438 a
676 3400 839 3440 sinistris
851 3402 1014 3442 alteram
1026 3434 1037 3453 ‚
1052 3403 1142 3443 filiae
1159 3403 1344 3443 nimirum
1366 3405 1406 3444 et
1424 3415 1507 3444 ma·

223 3463 317 3511 tris,
335 3463 474 3513 prioris
496 3464 806 3513 magnitudinem
828 3478 907 3506 non
933 3471 1192 3519 assequentes.
1246 3469 1301 3520 (4)
1329 3473 1438 3520 Opus
1467 3469 1507 3509 id

227 3539 305 3567 non
323 3530 478 3567 tantum
493 3528 544 3567 ob
561 3529 866 3578 magnitudinem
883 3533 1220 3574 commendatione
1235 3534 1397 3584 dignum
1409 3564 1420 3584 ‚
1437 3535 1506 3575 sed

224 3592 343 3631 etiam
358 3592 410 3631 ob
421 3593 546 3631 artem
560 3592 833 3632 admirandum
847 3597 886 3634 et
904 3596 985 3635 saxi
1000 3599 1140 3637 natura
1156 3599 1351 3638 excellens
1361 3629 1371 3646 ,
1383 3609 1508 3649 quum

225 3656 264 3694 in
288 3656 371 3695 tam
398 3657 508 3694 vasta
526 3655 630 3694 mole
645 3666 772 3706 neque
793 3658 951 3707 fissura,
976 3670 1103 3709 neque
1123 3660 1229 3700 labes
1250 3662 1330 3700 ulla
1351 3662 1508 3712 conspi-

225 3722 392 3759 ceretur.
446 3722 554 3760 lianc
576 3730 669 3758 vero
696 3720 986 3771 inscriptionem
1009 3725 1192 3773 praeferre
1213 3742 1221 3765 ι
1245 3743 1264 3760 «
1286 3729 1382 3766 Sum
1405 3731 1508 3778 Osy·

226 3785 436 3836 maMyas,
458 3795 528 3825 rex
544 3795 695 3834 regum.
750 3786 789 3826 Si
809 3787 898 3836 quis
914 3798 1025 3827 nosse
1047 3789 1163 3840 velit,
1183 3794 1354 3841 quantus
1377 3793 1451 3835 sim
1470 3795 1510 3833 et

226 3850 294 3890 ubi
318 3850 495 3901 jaceam,
517 3861 696 3890 meorum
731 3851 880 3901 aliquid
910 3863 1073 3901 operum
1099 3854 1244 3895 vincat.
1298 3857 1352 3906 (5)
1383 3859 1509 3898 Aliam

228 3914 384 3963 insuper
414 3912 622 3963 imaginem
645 3924 730 3954 esse
760 3914 896 3954 matris
927 3915 1030 3954 illius
1059 3927 1258 3968 seorsum,
1285 3920 1510 3961 cubitorum

229 3976 362 4026 viginti
389 3987 468 4016 uno
494 3987 590 4017 saxo
613 3979 882 4026 constantem3
909 3979 948 4017 in
976 3980 1090 4029 cujus
1115 3981 1241 4031 eapite
1265 3984 1345 4022 tres
1375 3985 1513 4025 fascias

231 4042 352 4091 regias
363 4071 375 4091 ‚
392 4042 535 4092 quibus
550 4041 850 4092 significaretur,
868 4043 988 4082 tiliam
1005 4054 1167 4083 uxorem
1183 4048 1221 4085 et
1234 4050 1397 4087 matrem
1414 4050 1514 4100 regis

231 4104 359 4144 fuisse.
414 4104 469 4153 (6)
487 4105 713 4145 Secundum
734 4106 809 4145 hoc
830 4107 973 4146 atrium
988 4136 998 4156 ,
1016 4107 1152 4156 aiunt,
1172 4111 1413 4159 peristylium
1431 4114 1514 4152 erat

231 4167 358 4217 priore
374 4169 676 4220 memorabilius,
691 4170 730 4210 in
741 4180 822 4221 quo
837 4171 955 4211 variae
970 4171 1182 4222 sculpturae
1198 4177 1515 4223 repraesentantes

1150 216 1444 268 HECATAEI
1478 212 1810 263 ABDERlTAE

1553 321 1601 374 ἃς
1621 316 1918 379 διασημαίνειν
1940 314 2004 360 ὅτι
2027 313 2100 360 καὶ
2127 310 2319 376 θυγατὴρ
2339 310 2414 357 καὶ
2443 311 2549 373 γυνὴ
2587 312 2660 359 καὶ
2693 313 2841 378 μήτηρ

1556 390 1763 456 βασιλέως
1780 386 1955 452 ὑπῆρξε,
1978 386 2029 448 (6)
2066 382 2192 432 Μετὰ
2222 383 2266 430 δὲ
2292 383 2364 429 τὸν
2389 385 2566 430 πυλῶνα
2585 385 2846 448 περίστυλον

1554 457 1662 511 εἶναι
1687 466 1762 509 τοῦ
1784 458 1990 549 προτέρου
2013 455 2398 519 ἀξιολογώτερον,
2379 474 2422 502 εν
2449 446 2486 521 ᾧ
2508 457 2715 522 γλυφόιςε
2699 458 2838 523 υπάρ·

1553 555 1644 600 χειν
1675 531 1881 584 παντοίας
1920 527 2132 588 δηλούσας
2173 545 2243 574 τον
2281 526 2472 617 πόλεμον
2510 528 2583 576 τὸν
2616 530 2844 592 γενόμενον

1554 608 1671 671 αὐτῷ
1688 623 1792 668 προς
1811 600 1907 656 τους
1923 603 1966 648 ἐν
1991 603 2078 654 τοῖς
2103 597 2312 662 Βάκτροις
2344 600 2642 656 ἀποστάντας·
2671 605 2735 669 ἐφ’
2774 601 2846 658 οὓς
2904 599 2907 642 ss

1554 679 1861 739 ἐστρατεῦσθαι
1886 675 2024 729 πεζῶν
2061 671 2140 734 μὲν
2171 671 2489 738 τετταράκοντα
2522 674 2741 740 μυριάσιν,
2771 679 2846 724 tu.
2945 695 2947 712 J

1554 769 1681 797 πευσι
1706 747 1749 795 δὲ
1771 744 2025 819 διςμυρίοις,
2056 746 2117 798 εἷς
2142 743 2327 808 τέτταρα
2349 764 2458 810 μερη
2486 746 2746 810 διῃρημένης
2770 753 2848 820 τῆς
2876 796 2878 798 ,
2907 750 2919 799 s
2987 745 2990 747 3

1555 821 1696 878 πάσης
1720 825 1943 884 στρατιᾶς,
1958 821 2016 863 ὡν
2036 815 2238 863 ἁπάντων
2258 814 2374 870 υἱους
2395 821 2471 864 τοῦ
2489 818 2700 882 βασιλέως
2716 821 2847 885 ἐσχη-

1555 913 1602 941 κε
1593 894 1673 939 ’ναι
1691 891 1768 949 τὴν
1795 888 2042 954 ἡγεμονίαν.
2807 940 2811 944 ,

1621 966 1703 1013 XV
1716 966 1833 1012 Llll.
1875 961 1963 1010 Καὶ
1980 959 2092 1008 κατὰ
2115 961 2192 1024 μὲν
2207 959 2283 1011 τὸν
2306 964 2477 1027 πρῶτον
2496 967 2581 1012 τῶν
2605 964 2761 1030 τοίχων
2778 965 2853 1016 τὸν
2911 951 2915 970 ⁵
2942 946 2949 955 Δ

1559 1035 1739 1102 βασιλέα
1760 1034 2427 1100 κατεσκευάσθαιπολιορκοῦντα
2449 1038 2590 1101 τεῖχος
2608 1037 2691 1085 ὑπὸ
2714 1057 2850 1096 ποτα·
2950 1095 2951 1099 ¹

1559 1114 1638 1171 μοῧ
1669 1107 1921 1195 περίρρυτον
1950 1125 2024 1153 και
2055 1108 2439 1174 προκινδυνεύοντα
2462 1109 2570 1176 πρός
2588 1129 2706 1167 τινας
2729 1114 2853 1160 ἀντι·
2910 1104 2926 1173 ἡ,

1556 1180 1840 1242 τεταγμένους
1858 1178 1968 1240 μετα
1987 1178 2177 1238 λέοντος,
2202 1181 2592 1243 συναγωνιζομένου
2611 1187 2689 1231 τοῦ
2706 1183 2855 1248 θηρίου

1557 1253 1946 1308 καταπληκτικῶς·
1973 1249 2080 1316 υπὲρ
2098 1245 2145 1299 οῧ
2165 1255 2250 1299 τῶν
2275 1252 2566 1316 ἐξηγουμένων
2592 1257 2631 1302 οἳ
2652 1254 2730 1319 μὲν
2749 1254 2859 1321 3:92⁴

1560 1345 1639 1373 σαν
1676 1324 1781 1390 πρὸς
1813 1323 2016 1381 ἀλήθειαν
2054 1324 2258 1391 χειροήθη
2301 1325 2453 1374 λέοντα
2484 1327 2741 1394 τρεφόμενον
2771 1318 2867 1377 υτιτέ)ὲ
2912 1337 2947 1349 ””
2987 1320 2991 1337 ³

1559 1404 1633 1447 τοῦ
1679 1398 1892 1464 βασιλέως
1934 1399 2275 1463 συγκινδυνεύειν
2307 1402 2426 1466 αὐτῷ
2460 1401 2574 1448 κατὰ
2597 1400 2672 1456 τὰς
2710 1402 2859 1468 μάχας
2908 1447 2915 1455 ,
2987 1422 2989 1424 ’

1561 1472 1635 1520 καὶ
1655 1472 1817 1535 τροπὴν
1841 1475 1978 1520 ποιεῖν
2007 1475 2092 1520 τῶν
2127 1471 2329 1519 ἐναντίων
2352 1472 2421 1520 διὰ
2445 1472 2522 1531 τὴν
2548 1474 2705 1533 ἀλκήν,
2748 1475 2859 1532 τινὲς
2919 1489 2942 1523 μ’

1563 1547 1597 1593 δ’
1614 1545 1808 1611 ἱστόρουν
1830 1543 1896 1592 ὅτι
1922 1545 2016 1592 καθ’
2037 1544 2280 1610 ὑπερὸολὴν
2318 1547 2506 1609 ἀνδρεῖος
2524 1542 2583 1593 ὢν
2615 1545 2690 1594 καὶ
2713 1566 2858 1614 φορτι-
2918 1536 2935 1593 3·

1562 1618 1654 1678 κός,
1680 1617 1828 1665 ἑαυτὸν
1846 1616 2126 1679 ἐγκωμιάζειν
2157 1617 2435 1682 βουλόμενος,
2463 1618 2532 1665 διὰ
2553 1622 2720 1678 τῆςτοῢ
2742 1619 2862 1668 λέον·
2924 1656 2926 1659 ψ

1562 1712 1631 1744 τος
1656 1690 1812 1744 εἰκόνος
1831 1689 1910 1748 τὴν
1935 1690 2122 1738 διάθεσιν
2153 1693 2303 1739 ἑαυτοῦ
2332 1694 2409 1749 τῆς
2437 1693 2579 1757 ψυχῆς
2609 1691 2860 1753 ἐσήμαινεν.

1565 1765 1616 1829 (2)
1638 1764 1715 1812 Εν
1733 1765 1777 1810 δὲ
1793 1765 1864 1827 τῷ.
1880 1762 2065 1829 δευτέρῳ
2090 1763 2224 1829 τοίχῳ
2244 1762 2339 1818 τους
2364 1763 2671 1829 αἷχμαλωτους
2688 1766 2770 1813 ὑπὸ
2780 1769 2859 1813 τοῦ

1567 1835 1778 1901 βασιλέως
1811 1835 2044 1898 ἀγομένους
2077 1835 2301 1910 εἰργάσθαι
2323 1835 2378 1882 τά
2419 1855 2466 1883 τε
2505 1837 2648 1884 αἰδοῖα
2677 1837 2753 1884 καὶ
2786 1835 2866 1892 τὰς

1565 1916 1713 1974 χεῖρας
1733 1910 1810 1955 οὐκ
1833 1907 2034 1972 ἔχοντας,
2053 1908 2106 1955 δι’
2131 1912 2190 1955 ὧν
2216 1908 2355 1954 δοκειν
2380 1908 2614 1966 δηλοῦσθαι
2639 1907 2746 1957 διότι
2769 1915 2865 1963 ταῖς
2916 1939 2929 1966 -;

1568 1984 1727 2046 ψυχαῖς
1746 1979 1945 2056 ἄνανδροι
1977 1978 2182 2027 καὶκατὰ
2197 1978 2322 2033 τὰς
2302 1993 2344 2025 εν
2368 1980 2453 2033 τοῖς
2473 1981 2671 2036 δεινοῖς’
2651 1979 2866 2046 ενεργείας

1570 2054 1739 2119 ἄχειρες
1773 2057 1905 2111 ἦσαν.
1980 2054 2034 2117 (3)
2061 2052 2150 2102 Τον
2183 2051 2228 2100 δὲ
2261 2051 2402 2118 τρίτον
2412 2050 2548 2145 ῗέχειν
2573 2050 2739 2118 γλυφὰς
2753 2070 2864 2100 παν»

1567 2126 1684 2179 τοίας
1706 2125 1780 2173 καὶ
1822 2128 2071 2190 διαπρεπεῖς
2104 2125 2294 2191 γραφάς,
2330 2125 2384 2171 δι’
2407 2128 2466 2171 ὧν
2503 2125 2738 2184 δηλουσθαι
2763 2127 2865 2189 βου·
2923 2122 2934 2149 ²²

1569 2198 1716 2253 θυσίας
1739 2203 1812 2246 τοῦ
1851 2192 2062 2264 βασιλέως
2085 2198 2160 2246 καὶ
2211 2197 2423 2263 θρίαμὸον
2458 2197 2544 2245 ἀπὸ
2567 2201 2643 2245 τοῦ
2673 2195 2868 2261 πολέμου
2914 2183 2941 2258 ξ

1569 2271 1883 2335 καταγόμενον.
1961 2273 2012 2337 (ι)
2056 2271 2187 2320 Κατὰ
2230 2269 2276 2318 δὲ
2319 2269 2448 2334 μέσον
2490 2269 2565 2318 τὸν
2610 2268 2867 2335 περίστυλον
2908 2299 2910 2303 >

1573 2344 1794 2410 υπαίθριον
1830 2345 1976 2410 βωμὸν
2000 2346 2304 2410 ᾠκοδομησθαι
2322 2364 2399 2392 του
2419 2343 2652 2392 καλλίστου
2670 2342 2790 2392 λίθου
2809 2346 2866 2411 τῇ
2913 2372 2939 2401 ...η

1575 2438 1622 2465 τε
1664 2417 1916 2484 χειρουργία
1955 2418 2154 2484 διάφορον
2187 2416 2262 2465 καὶ
2293 2420 2356 2464 τῶ
2395 2416 2564 2481 μεγέθει
2599 2394 2867 2478 θαυμαστόν.
2915 2402 2940 2478 ᾖ

1578 2492 1613 2554 (5
1615 2493 1630 2555 )
1649 2490 1778 2540 Κατὰ
1795 2491 1841 2538 δὲ
1858 2492 1930 2538 τὸν
1949 2491 2194 2539 τελευταιον
2216 2493 2362 2555 τοῖχον
2388 2489 2601 2555 ὑπάρχειν
2618 2488 2872 2553 ἀνδριάντας
2909 2468 2947 2530 ξ

1576 2631 1727 2671 bellum
1754 2633 1893 2671 contra
1916 2633 2100 2681 Bactros,
2135 2631 2207 2681 qui
2239 2630 2488 2670 desciverant
2519 2629 2571 2670 ab
2599 2641 2647 2670 eo
2660 2658 2674 2678 ‚
2700 2630 2874 2680 gestulm
2926 2625 2933 2635 '

1575 2695 1618 2734 in
1643 2706 1746 2745 quos
1773 2695 2066 2746 expeditionem
2093 2695 2230 2735 fecerit
2255 2705 2352 2733 cum
2377 2693 2674 2744 quadringentis
2698 2690 2873 2735 millibus

1576 2760 1756 2811 peditum
1770 2792 1782 2811 ,
1803 2763 1843 2801 et
1858 2761 1998 2811 viginti
2017 2760 2191 2801 millibus
2206 2756 2386 2811 equitum
2401 2772 2413 2808 ;
2429 2759 2688 2809 exercituque
2700 2757 2742 2798 in
2760 2758 2873 2809 quat-

1574 2828 1668 2866 tuor
1693 2828 1851 2878 agmina
1869 2825 2018 2876 diviso,
2038 2825 2224 2867 omnibus
2254 2836 2349 2866 cum
2368 2824 2534 2874 imperio
2562 2822 2634 2863 filii
2653 2822 2752 2874 regis
2767 2822 2874 2873 proe'·

1575 2889 1695 2931 fuisse
1709 2893 1996 2933 memorantur.
2199 2902 2202 2905 ·

1629 2960 1807 3000 ΧΙΝΙΙΙ.
1837 2961 1882 2998 In
1899 2958 2028 3008 primo
2043 2956 2179 3007 itaque
2198 2954 2347 3006 pariete
2365 2964 2437 2993 rex
2450 2952 2608 2992 videtur
2622 2961 2784 2991 murum
2802 2961 2874 3001 op-

1577 3033 1757 3074 pugnans
1779 3021 1886 3062 amni
1908 3020 2188 3061 circumfluum
2202 3019 2249 3062 ,in
2267 3018 2474 3069 primaque
2488 3017 2574 3056 acie
2593 3025 2686 3056 cum
2699 3013 2876 3054 adversis

1579 3086 1756 3127 hostibus
1771 3085 2008 3137 quibusdam
2027 3085 2220 3124 dimicans
2234 3113 2246 3133 ,
2270 3083 2384 3122 leone
2409 3081 2515 3121 socio
2530 3111 2542 3131 ,
2565 3079 2638 3131 qui
2656 3078 2876 3120 terribilem

1580 3152 1621 3191 in
1636 3151 1800 3190 modum
1813 3150 1894 3200 regi
1913 3149 2148 3201 opitulatur.
2203 3146 2320 3195 Quod
2333 3157 2423 3197 pars
2434 3145 2695 3196 interpretum
2710 3143 2762 3184 de
2774 3148 2878 3185 vem

1579 3216 1694 3255 leone
1723 3214 1997 3265 accipiendum
2025 3223 2108 3253 esse
2138 3211 2385 3259 affirmabat,
2413 3220 2534 3260 quem
2561 3206 2876 3248 mansuefactum

1579 3291 1651 3319 rex
1666 3279 1831 3329 aluerit,
1853 3278 2002 3329 quique
2027 3276 2078 3316 ad
2097 3286 2321 3327 pugnarum
2355 3273 2584 3314 discrimina
2609 3276 2703 3312 cum
2731 3281 2780 3313 eo
2803 3270 2875 3312 de-

1580 3339 1784 3394 scendeiss,
1788 3341 1941 3382 roboris
1954 3343 2013 3382 str
2013 3339 2213 3381 enuitate‘
2204 3350 2244 3378 m
2258 3339 2391 3390 sugam
2408 3337 2542 3377 hostes
2549 3335 2726 3376 verterit
2780 3336 2876 3376 Pars

1581 3407 1693 3447 aliter
1721 3406 1970 3457 explicabat,
2001 3406 2110 3456 quod
2135 3414 2261 3455 quum
2280 3402 2473 3453 maiorem
2492 3400 2534 3440 in
2563 3399 2731 3443 modum
2764 3395 2877 3439 fortis

1582 3473 1682 3511 esset
1696 3473 1736 3511 et
1757 3471 1953 3519 insolens,
1977 3479 2071 3509 suas
2089 3468 2144 3508 ita
2166 3467 2304 3508 laudes
2329 3466 2476 3506 reterre
2489 3463 2686 3514 voluerit,
2706 3454 2877 3514 imagin&

1582 3536 1705 3576 leonis
1720 3535 1840 3574 animi
1853 3534 1913 3574 sui
1929 3533 2109 3573 habitum
2125 3531 2361 3582 significans.
2401 3529 2459 3582 (2)
2477 3531 2522 3569 In
2537 3526 2713 3568 secundo
2727 3525 2877 3577 pariete

1582 3601 1727 3651 captivi
1739 3601 1838 3651 regis
1849 3599 2077 3648 trahuntur,
2090 3597 2240 3648 absque
2250 3596 2430 3636 virilibus
2441 3597 2482 3637 et
2494 3593 2678 3635 manibus
2688 3589 2848 3644 effigiati
2860 3606 2874 3633 ε

1583 3677 1664 3717 quo
1690 3665 1936 3706 effeminatos
1958 3663 2132 3712 animos,
2156 3662 2367 3712 nullasque
2391 3661 2434 3700 in
2454 3657 2690 3712 periculosis
2712 3655 2876 3707 negotiis

1583 3743 1725 3771 manus
1757 3731 1940 3771 habuisse
1968 3729 2080 3778 illos,
2111 3726 2375 3777 significatum
2404 3724 2576 3764 videtur.
2630 3722 2688 3774 (3)
2721 3721 2879 3766 Tertius

1583 3795 1674 3834 inde
1701 3795 1829 3847 paries
1854 3793 1984 3834 omnis
2011 3792 2166 3843 generis
2189 3790 2415 3841 sculpturas
2443 3790 2484 3829 et
2508 3787 2682 3838 picturas
2707 3785 2894 3839 insignes

1583 3859 1767 3908 exliibet3
1794 3858 1939 3908 quibus
1965 3856 2141 3896 victimae
2166 3853 2267 3905 regis
2295 3855 2336 3894 et
2361 3851 2589 3903 triumphus
2617 3861 2641 3890 a
2671 3849 2776 3890 bello
2800 3848 2836 3888 iv
2861 3864 2867 3882 ι

1584 3924 1697 3963 actus
1711 3921 2004 3973 exprimuntur.
2060 3918 2117 3973 (4)
2136 3920 2181 3958 In
2196 3916 2335 3957 'medio
2353 3914 2556 3967 peristylio
2569 3923 2640 3954 ara
2652 3911 2728 3953 sub
2745 3910 2813 3955 dio

1587 3986 1716 4037 lapide
1735 3984 1999 4036 pulcherrimo
2019 3982 2248 4024 constructa
2273 3981 2383 4030 erat,
2409 3978 2576 4019 artificio
2594 3985 2788 4016 manuum
2806 3985 2876 4026 exj

1587 4051 1732 4090 cellens
1750 4051 1791 4088 et
1815 4045 2087 4097 magnitudine
2105 4043 2348 4085 admiranda.
2402 4043 2460 4093 (⁵)
2492 4045 2538 4082 ln
2556 4041 2701 4081 ultimo
2729 4037 2838 4090 par-ie

1588 4113 1678 4153 duae
1689 4114 1782 4152 sunt
1797 4110 1982 4161 imagines
1997 4108 2224 4158 residentes,
2238 4118 2289 4147 ex
2302 4107 2452 4156 integro
2467 4115 2564 4146 saxo
2578 4101 2717 4154 viginti
2727 4101 2835 4153 septe
2870 4144 2886 4151 ⁴.

1590 4176 1831 4218 cubitorum.
1887 4174 2011 4215 Juxta
2037 4183 2135 4224 quas
2165 4173 2246 4212 troe
2279 4181 2302 4211 e
2327 4168 2529 4222 peristylio
2561 4162 2748 4208 introitus
2781 4165 2818 4205 sa
2842 4152 2893 4176 '³'
