3016 4628
86 421 187 472 Ξπὶ
224 425 284 489 τῷ
322 420 491 472 Πύθωνί
529 439 658 488 φησιν
700 421 938 478 ἐπικήδειον
972 423 1159 480 αὐλῆσαι
1189 391 1387 472 Λυδιστί.

70 492 217 546 Eiet
256 471 292 542 δ’
324 494 366 542 ot
398 492 734 550 Μελανιππίδην
771 492 920 544 τούτου
958 499 1032 541 τοῦ
1077 495 1230 556 μέλους
1267 495 1392 562 ἄρξαι

91 562 231 689 φασί.

43 680 45 682 .
704 631 783 692 69.

126 716 305 787 Idem
328 718 392 762 ib.
421 732 463 767 c.
499 733 573 775 11,
605 733 655 779 p.
688 717 836 774 1134,
863 719 945 763 Ε·
972 712 1202 780 Ὄλυμπος
1235 716 1306 777 δὲ,
1337 720 1394 772 ὡς

159 783 296 854 ριστόξ
299 788 387 841 ενός
413 805 559 852 φησιν,
577 785 976 850 ὖπολαμὸάνεται*
961 788 1042 835 υπὸ
1066 792 1150 836 τῶν
1176 793 1390 852 μουσικῶν

104 862 181 911 ’ὑοῦ
205 860 452 925 ἐναρμονίου
479 859 619 922 γένους
639 859 810 926 εὑρετὴς
828 864 1102 924 γεγενῆσθαι·
1125 861 1179 909 τὰ
1198 861 1280 926 γὰρ
1309 861 1391 925 πρὸ

71 962 74 963 ⁷
94 930 265 982 41ἔκείνου
279 932 420 978 πάντα
439 931 610 978 διάτονα
624 931 698 980 καὶ
715 932 974 997 χρωματικὰ
987 926 1055 990 ἧν.
1075 936 1191 980 Vide
1203 951 1390 995 sequen·

99 1006 172 1054 ba
189 1019 245 1052 ex
263 1006 431 1051 eodem
451 1005 578 1051 haud
599 1005 741 1051 dubie
762 1008 1036 1051 Aristoxeno
1057 1009 1220 1066 petita.

709 1108 784 1150 70
1241 1119 1246 1123 .

169 1179 413 1225 Athenaeus
434 1179 564 1236 xlv,
585 1196 634 1240 p.
670 1180 850 1236 624‚B
938 1177 994 1227 ‘O
1024 1176 1068 1225 δὲ
1107 1177 1390 1244 Ἀριστόξενος

43 1245 183 1306 τὴν
206 1248 370 1314 ευρεσιν
398 1251 530 1307 αὐτῆς
551 1253 562 1310 (
583 1255 656 1308 τῆς
677 1196 937 1317 Φρυγιστὶ
916 1250 1121 1314 αρμονίας
1139 1252 1152 1315 )
1189 1250 1246 1299 Υ
1251 1251 1388 1314 άγνιδι

70 1322 164 1389 τῷ
186 1322 334 1387 Φρυγὶ
358 1322 616 1370 ἀνατίθεται.

703 1413 727 1454 7
738 1413 755 1442 1
766 1433 777 1444 .

602 1503 782 1546 LIBER
817 1503 878 1547 ΙΙ.

165 1609 398 1657 Plutarch.
420 1614 492 1659 De
507 1629 625 1658 mus.
650 1629 691 1658 c.
716 1629 790 1670 17,
813 1630 862 1673 p.
893 1630 910 1658 1
926 1613 1031 1671 137,
1048 1616 1117 1660 E:
1139 1610 1316 1660 Τούτων
1334 1610 1384 1669 δὴ

30 1675 62 1737 9,.
99 1683 183 1728 τῶν
203 1681 442 1744 ἁρμονιῶν,
473 1686 554 1740 τῆς
584 1681 661 1770 μὲν
693 1685 955 1749 θρηνῳδικης
985 1682 1095 1737 τινὸς
1130 1684 1288 1745 οὔσης,
1310 1687 1385 1741 τῆς

50 1752 140 1811 ιδ’
170 1754 477 1818 ἐκλελυμένης,
510 1757 683 1809 εἰκότως
717 1759 740 1802 ὃ
775 1754 961 1804 Πλάτων
1006 1755 1386 1821 παραιτησάμενος

39 1819 248 1893 ξ.αὖτὰς,
268 1827 359 1882 τὴν
363 1826 596 1891 Δωριστὶς
575 1846 632 1880 ως
655 1828 902 1890 πολεμικοῖς
920 1828 1101 1893 ἀνδράσι
1124 1847 1197 1875 και
1214 1826 1385 1893 σώφρο-

65 1911 165 1949 ,σιν
189 1897 457 1962 ἁρμόζουσαν
479 1896 700 1946 essere-01⁹2
733 1900 796 1962 μὰ
814 1900 897 1948 Δία
922 1900 1137 1963 ἀγνοήσας
1160 1900 1246 1966 (ὡς
1271 1900 1384 1964 Αρι·

32 1907 288 2037 isto-edim&
311 1988 438 2036 φησιν
461 1973 504 2017 ἐν
519 1975 580 2034 τῷ
605 1971 784 2037 δευτέρῳ
803 1975 886 2019 τῶν
906 1975 1140 2021 Μουσικῶν
1162 1977 1199 2032 )‚
1222 1971 1287 2019 ὅτι
1307 1971 1382 2019 καὶ

32 2104 33 2109 ξ
63 2100 65 2103 ξ
96 2041 142 2090 ἓν
164 2041 341 2096 ἐκείναις
362 2061 404 2089 τι
427 2042 641 2107 χρήσιμον
664 2037 716 2102 ἦν
733 2043 839 2110 πρὸς
855 2046 1081 2092 πολιτειῶν
1107 2044 1316 2110 φυλακήν.

704 2175 778 2217 72.

565 2274 723 2318 LIBF
725 2275 767 2317 R
802 2275 883 2319 IV.

30 2347 89 2400 ‘
155 2382 581 2445 AthenaeusXIV,p.
595 2385 778 2446 619,D:
790 2383 1380 2451 Ἀριστόξενοςδὲέντετάρτῳ

83 2452 203 2518 -Ιερι
235 2458 465 2516 μουσικῆς,
499 2477 519 2498 «
546 2447 700 2525 ῗῌδον,
726 2474 878 2520 φησιν,
902 2458 946 2503 αἱ
973 2458 1152 2520 ἀρχαῖαι
1186 2464 1381 2521 γυναῖκες

112 2524 304 2583 αλύκην
329 2526 423 2573 τινὰ
450 2525 583 2592 ᾠδην.
656 2529 930 2592 Στησιχόρου
962 2529 998 2575 δ’
1028 2522 1079 2586 ἦν
1112 2528 1306 2591 ποίημα,
1333 2531 1375 2576 ἐν

66 2588 128 2667 ᾧ
149 2596 330 2656 Καλύκη
350 2618 411 2654 τις
435 2598 595 2660 ὄνομα,
617 2601 756 2665 ἐρῶσα
790 2600 985 2648 Εὐάθλου
1012 2600 1263 2664 νεανίσκου,
1290 2620 1371 2648 σω·

80 2678 599 2702 Β--ῄ-

71 2742 189 2785 pum
211 2733 262 2773 de
290 2735 420 2777 morte
445 2735 635 2786 Pythonis
664 2735 832 2786 lugubre
865 2748 1026 2776 carmen
1048 2737 1156 2777 tibiis
1186 2737 1375 2777 cecinisse

70 2791 89 2825 ’Ἀ
103 2797 212 2848 ydio
237 2798 369 2839 modo.
395 2799 472 2840 Alii
502 2801 806 2852 Melanippidem
838 2805 1044 2843 auctorem
1060 2803 1148 2852 ejus
1167 2803 1373 2843 cantilenae

26 2859 60 2946 ξ’.
55 2910 60 2925 ¹
88 2859 250 2910 faciunt.
372 2870 376 2874 ’

67 2962 76 2972 .
692 2933 765 2975 69.

135 2996 354 3048 Olympus,
373 2997 490 3038 utait
507 2998 782 3048 Aristoxenus,
809 3011 834 3040 a
859 3002 1022 3042 musicis
1044 3003 1210 3053 putatur
1226 3001 1369 3041 enhar-

68 3054 70 3056 ’
178 3062 372 3112 generis
389 3063 506 3104 fuisse
523 3069 732 3116 repertor,
754 3077 848 3106 nam
871 3070 965 3108 ante
984 3067 1116 3119 ipsum
1132 3068 1265 3126 onmia
1283 3068 1370 3107 dia·

164 3124 353 3166 fuerunt
369 3129 410 3166 et
425 3127 681 3169 chromatica.

686 3205 761 3245 70.

24 3292 55 3318 -ξ
70 3259 100 3306 ’τ
136 3266 391 3308 Aristoxenus
417 3269 688 3310 inventionem
716 3272 933 3312 harmoniae
962 3274 1146 3324 Phrygiae
1176 3275 1369 3325 Hyagnidi

30 3325 53 3389 ἐξ
74 3323 111 3390 ἐξ
129 3347 133 3363 ι
178 3331 253 3382 gio
271 3332 454 3382 assignat.

22 3384 37 3429 ’ἵ
689 3403 762 3444 71.

95 3463 268 3510 Quum
284 3464 403 3516 igitur
431 3466 598 3507 istarum
627 3469 929 3510 harmoniarum
951 3471 1108 3522 (Lydiae
1137 3475 1177 3512 et
1196 3473 1364 3522 Ionicae)

177 3527 338 3579 quidem
367 3530 657 3582 lamentabilis,
692 3533 780 3573 haec
807 3544 903 3573 vero
934 3534 1124 3575 dissoluta
1153 3536 1226 3586 sit;
1261 3540 1367 3576 recte

182 3602 298 3633 ιωιη
319 3595 544 3646 repudians,
562 3597 745 3637 Doricam
762 3599 998 3649 assumpsit,
1015 3601 1060 3639 ut
1075 3599 1260 3640 decoram
1273 3602 1367 3641 viris

32 3645 269 3717 Uentis
280 3660 323 3699 et
338 3659 517 3701 bellicis·
507 3672 615 3701 ·non
630 3673 725 3702 sane
739 3663 922 3724 ignorans
943 3664 956 3714 (
976 3667 1021 3704 ut
1038 3666 1096 3704 ait
1112 3667 1367 3707 Aristoxenus

82 3714 90 3723 ’
150 3724 153 3727 “
207 3718 312 3763 ιιιιάο
330 3723 618 3774 musicorum),
636 3727 781 3766 etiam
771 3738 812 3766 in
835 3728 911 3768 illis
928 3729 1194 3780 (harmoniis)
1214 3730 1362 3780 aliquid

24 3811 30 3817 ,.
156 3799 158 3802 ·
195 3784 318 3826 utile
331 3785 383 3826 ad
394 3789 737 3830 conservationem
753 3790 994 3842 reipublicae.

0 3858 97 3926 2²5.
686 3859 787 3900 72
1249 3888 1252 3890 v

0 3910 78 4023 ,ὦζ
85 3910 387 3994 munus
413 3921 514 3962 libro
532 3926 678 3974 quarto
698 3928 755 3966 De
772 3927 925 3967 musica
955 3927 1112 3977 scribit,
1130 3927 1278 3978 priscas
1306 3929 1361 3968 fe-

184 3983 410 4026 recinisse
430 3988 653 4030 cantionem
671 3991 871 4042 quandam
888 3993 1051 4032 nomine
1069 3993 1253 4044 calycen.
1273 3997 1361 4033 Ste—

151 4061 154 4074 =
176 4060 179 4076 *
213 4045 346 4087 ‘vero
377 4059 516 4091 versus
544 4055 724 4103 exstant,
751 4055 793 4094 in
819 4055 964 4105 quibus
989 4056 1170 4106 quaedam
1202 4057 1375 4110 nomine

74 4165 82 4174 .
114 4164 119 4170 ⁵
190 4126 221 4143 ν.
247 4111 400 4152 Euathli
412 4112 569 4163 juvenis
582 4126 718 4157 amore
735 4120 851 4168 capta
865 4129 889 4157 a
908 4121 1062 4159 Venere
1079 4122 1263 4170 precatur
1277 4121 1363 4169 ejus

73 4175 114 4236 μ’
136 4185 181 4204 ··³
204 4188 261 4223 -·;,
285 4178 510 4227 contempta
526 4189 622 4219 vero
643 4190 667 4219 a
688 4181 887 4221 fastidioso
918 4185 958 4222 et
986 4185 1178 4223 renuente
1193 4182 1336 4234 juvene
1349 4213 1360 4233 ,

155 4256 192 4269 ,ν
215 4236 299 4277 ·tio
319 4249 363 4279 se
381 4240 586 4282 interemit
606 4254 617 4282 ε
639 4242 685 4284 ἰὰ
703 4245 811 4294 quod
830 4245 934 4286 circa
963 4246 1184 4286 Leucadem
1198 4234 1359 4287 ¹factum

0 3475 90 3582 'irus'
98 3561 100 3564 ·

43 3588 53 3602 ·-
70 3591 104 3607 ex

27 3737 84 3755 v⁴'.

63 3762 110 3797 [κέ

1002 318 1084 365 DE
1122 319 1355 367 MUSICA
1396 321 1808 371 FRAGMENTA

2654 343 2746 386 287

1471 431 1632 492 φρόνως
1657 427 1830 491 εὔχεται
1858 431 1911 492 τῇ
1938 428 2168 495 Ἀφροδίτη
2196 438 2441 494 γαμηθῆναι
2476 439 2604 484 αὐτῶ·
2654 442 2750 488 ἐπει

1471 498 1512 544 δὲ
1539 499 1754 561 ὑπερεῖδεν
1780 502 1802 546 ὁ
1826 499 2054 556 νεανίσκος,
2075 521 2409 567 κατεκρημνισεν
2431 509 2600 565 ἑαυτην.
2623 510 2750 598 Ἐγέ-

1471 587 1565 615 νετο
1586 570 1629 616 δὲ
1659 570 1708 616 τὸ
1731 573 1864 624 πάθος
1891 570 1989 635 περι
2015 575 2235 619 Λευκάδα.
2265 578 2534 640 Σωφρονικὸν
2570 580 2614 627 δὲ
2638 585 2751 630 πάνυ

1470 639 1782 688 κατεσκεύασεν
1814 645 1836 689 ὁ
1855 643 2035 700 ποιητὴς
2053 644 2102 690 τὸ
2123 649 2196 700 τῆς
2223 650 2431 709 παρθένου
2455 654 2577 709 ἠθος,
2605 655 2681 699 οὐκ
2703 658 2751 701 ἐκ

1470 713 1625 766 παντὸς
1662 714 1822 777 τρόπου
1860 714 2063 772 θελούσης
2099 718 2373 779 συγγενέσθαι
2418 740 2478 766 τω
2519 726 2748 789 νεανίσκῳ·

1467 785 1563 832 ἀλλ’
1591 785 1854 850 εὐχομένης,
1888 789 1924 833 εἰ
1949 788 2146 846 δύναιτο,
2171 789 2276 879 γυνὴ
2308 797 2381 837 τοῦ
2408 794 2599 841 Εὐάθλου
2630 797 2748 856 γενέ·

1467 861 1567 903 σθαι
1594 858 1811 923 κουριδία,
1836 857 1894 919 ἢ,
1925 878 1961 905 ει
1985 879 2108 906 τουτο
2135 880 2195 922 μη
2226 862 2419 923 δυνατὸν,
2449 867 2750 927 ἀπαλλαγῆναι

1465 934 1539 976 τοῦ
1580 929 1690 993 βίου.
1734 951 1753 971 »
1778 929 1856 978 'liv
1898 929 1941 976 δὲ
1978 937 2063 984 τοῖς
2103 932 2229 979 Κατὰ
2265 933 2406 996 βραχὺ
2450 938 2752 998 ὑπομνήμασιν

1466 1003 1488 1046 ὁ
1523 1001 1819 1065 Ἀριστόξενος,
1846 1024 1865 1045 «
1902 1000 2125 1092 ’‘lsstxkoc,
2164 1004 2309 1068 φησὶν,
2341 1006 2623 1098 Ἁρπαλύκην
2656 1012 2751 1097 ἐρα

1466 1077 1634 1120 σθεῖσαν
1659 1075 1895 1162 ὑπερεῖδεν.
1917 1074 1971 1124 ἹΙ
1995 1075 2038 1122 δὲ
2058 1074 2265 1131 απέθανε,
2283 1096 2358 1123 και
2376 1078 2539 1140 γίνεται
2556 1083 2622 1126 ἐπ’
2641 1083 2753 1146 αὐτῇ

1465 1145 1689 1209 παρθένοις
1733 1147 1845 1210 ᾠδῆς
1880 1144 2010 1210 ἀγὼν,
2047 1146 2140 1205 ἥτις
2175 1145 2424 1212 Ἁρπαλύκη
2461 1150 2634 1215 (φησὶ)
2672 1172 2754 1199 κα-

1464 1219 1616 1265 λειται.
1644 1242 1661 1259 υ

2068 1253 2144 1352 73.

1527 1379 1757 1426 Plutarch.
1792 1382 1861 1425 De
1890 1396 2006 1427 mus.
2034 1397 2075 1427 c.
2112 1380 2190 1437 31,
2220 1396 2270 1440 p.
2313 1383 2510 1438 1142‚B
2533 1396 2545 1428 z
2569 1380 2676 1430 “Ort
2706 1382 2751 1431 δὲ

1461 1447 1580 1511 παρὰ
1605 1448 1679 1502 τὰς
1705 1447 1877 1511 ἀγωγὰς
1911 1450 1984 1495 καὶ
2008 1449 2083 1504 τὰς
2117 1451 2323 1512 μαθήσεις
2348 1451 2566 1516 διόρθωσις
2589 1453 2617 1511 ἢ
2652 1456 2749 1501 δια-

1463 1520 1625 1585 στροφὴ
1659 1520 1849 1583 γίνεται,
1891 1522 2020 1579 δῆλον
2065 1522 2349 1587 Ἀριστόξενος
2385 1524 2578 1582 ἐποίησε.
2648 1529 2748 1574 Τῶν

1460 1591 1542 1657 γὰρ
1566 1591 1678 1639 κατὰ
1701 1593 1776 1649 τὴν
1812 1594 1943 1639 αὐτοῦ
1974 1593 2162 1653 ἡλικίαν,
2193 1594 2329 1659 φησὶ,
2358 1597 2546 1662 Τελεσίᾳ
2572 1602 2632 1663 τῷ
2656 1602 2748 1658 Θη-

1461 1663 1572 1730 ὅαίῳ
1588 1663 1808 1726 συμὸῆναι
1830 1665 1912 1729 νέῳ
1934 1664 2011 1727 μὲν
2029 1665 2118 1714 ὄντι
2133 1702 2146 1725 ,
2163 1671 2377 1733 τραφῆναι
2394 1671 2436 1716 ἐν
2461 1673 2512 1731 τῇ
2537 1671 2745 1735 καλλίστῃ

1461 1740 1672 1800 μουσικῇ,
1702 1735 1775 1783 καὶ
1797 1740 1946 1797 μαθεῖν
1970 1738 2082 1785 ἄλλα
2106 1757 2151 1785 τε
2183 1742 2267 1785 τῶν
2292 1741 2641 1804 εὐδοκιμούντων,
2674 1744 2748 1791 καὶ

1459 1806 1510 1864 δὴ
1527 1807 1601 1854 καὶ
1619 1807 1674 1854 τὰ
1698 1807 1938 1872 Πινδάρου,
1957 1809 2011 1855 τά
2027 1829 2072 1856 τε
2094 1811 2316 1858 Διονυσίου
2333 1816 2406 1859 τοῦ
2431 1812 2650 1871 Θηὸαίου,
2672 1815 2747 1862 καὶ

1457 1877 1510 1924 τὰ
1535 1878 1750 1945 Λάμπρου
1769 1915 1782 1938 ,
1809 1879 1883 1926 καὶ
1907 1881 1961 1926 τὰ
1985 1882 2199 1946 Πρατίνου
2216 1922 2228 1942 ,
2257 1883 2330 1930 καὶ
2350 1887 2434 1931 τῶν
2451 1886 2629 1946 λοιπῶν,
2657 1887 2746 1935 ὅσοι

1456 1954 1542 1998 τῶν
1595 1953 1781 2016 λυρικῶν
1824 1952 1972 2018 ἄνδρες
2027 1954 2219 2017 ἐγένοντο
2263 1956 2438 2014 ποιηταὶ
2495 1958 2745 2022 κρουμάτων

1457 2022 1638 2084 ἀγαθοί·
1685 2023 1759 2070 καὶ
1791 2025 1979 2081 αὐλῆσαι
2017 2023 2061 2071 δὲ
2090 2027 2234 2080 καλῶς
2273 2026 2347 2073 καὶ
2383 2028 2481 2092 περὶ
2513 2031 2567 2075 τὰ
2615 2031 2744 2077 λοιπὰ

1457 2095 1567 2161 μέρη
1603 2100 1679 2151 τῆς
1711 2097 1944 2159 συμπάσης
1986 2099 2185 2152 παιδείας
2219 2100 2377 2152 ἱκανῶς
2413 2102 2743 2160 διαπονηθῆναι·

1454 2168 1791 2234 παραλλάξαντα
1817 2170 1860 2215 δὲ
1885 2168 1962 2227 τὴν
1994 2174 2068 2227 τῆς
2101 2172 2243 2233 ἀκμῆς
2268 2171 2459 2231 ἡλικίαν,
2497 2173 2607 2220 οὕτω
2638 2174 2741 2240 σφό·

1456 2241 1534 2305 δρα
1563 2241 1882 2298 ἐξαπατηθῆναι
1911 2240 1994 2287 ὑπὸ
2023 2246 2098 2300 τῆς
2132 2246 2335 2301 σκηνικῆς
2370 2263 2415 2290 τε
2449 2244 2522 2291 καὶ
2548 2247 2743 2303 ποικίλης

1455 2316 1684 2375 μουσικῆς,
1708 2315 1765 2366 ὥς
1787 2317 2111 2378 καταφρονῆσαι
2134 2318 2217 2361 τῶν
2242 2316 2384 2362 καλῶν
2411 2317 2595 2376 ἐκείνων,
2615 2321 2656 2364 ἐν
2682 2311 2742 2372 οἷς

1453 2383 1686 2451 ἀνετράφη,
1716 2385 1769 2432 τὰ
1784 2384 2023 2438 ιΦιλοξένου
2044 2385 2086 2432 δὲ
2106 2387 2180 2433 καὶ
2209 2387 2421 2448 Τιμοθέου
2442 2388 2737 2451 ἐκμανθάνειν,

1453 2456 1527 2503 καὶ
1560 2457 1723 2504 τούτων
1759 2458 1900 2505 αὐτῶν
1936 2457 1990 2503 τὰ
2020 2458 2313 2506 ποικιλώτατα
2346 2458 2421 2506 καὶ
2456 2462 2660 2519 πλείστην
2695 2465 2738 2509 ἐν

1453 2532 1594 2582 αὑτοῖς
1615 2529 1770 2593 ἔχοντα
1789 2528 2066 2592 καινοτομίαν
2081 2529 2361 2594 υὸρμήσαντά
2380 2550 2425 2577 τε
2443 2530 2513 2578 ἐπὶ
2539 2533 2586 2579 τὸ
2603 2540 2739 2580 ποιεῖν

1453 2602 1561 2661 μέλη
1577 2638 1588 2659 ,
1616 2600 1691 2647 καὶ
1708 2601 2044 2666 διαπειρώμενον
2070 2603 2321 2667 ἀμφοτέρων
2347 2606 2430 2649 τῶν
2452 2604 2638 2669 τρόπων,
2661 2609 2735 2652 τοῦ

1447 2738 1518 2776 est.
1538 2736 1630 2786 EJus
1643 2737 1803 2786 virginis
1816 2748 1947 2776 mores
1962 2738 2141 2788 apprime
2156 2738 2275 2778 fuisse
2291 2738 2455 2789 pudicos
2470 2742 2587 2789 pocta
2603 2739 2734 2785 finxit,

1447 2802 1494 2846 ut
1508 2811 1598 2850 quae
1611 2799 1768 2849 juvenis
1784 2801 2108 2841 consuetudinem
2125 2813 2203 2841 non
2223 2813 2383 2852 prorsus
2402 2805 2442 2842 et
2458 2803 2601 2853 quovis
2617 2804 2735 2843 modo

1447 2866 1630 2914 cuperet,
1652 2864 1721 2903 sed
1741 2868 1899 2914 optare,
1923 2865 1954 2903 si
1971 2864 2128 2914 liceret,
2148 2866 2318 2905 Euathlo
2338 2866 2445 2915 virgo
2469 2867 2640 2916 nubere,
2665 2871 2734 2906 aut

1445 2928 1477 2967 si
1505 2927 1613 2977 quod
1639 2928 1680 2966 in
1705 2927 1808 2967 votis
1837 2930 1922 2967 erat
1947 2927 2127 2968 obtinere
2147 2939 2226 2967 non
2254 2931 2407 2979 posset,
2429 2930 2539 2969 abire
2563 2931 2657 2969 vita.
2690 2934 2732 2970 ln

1446 2990 1759 3040 compendiariis
1778 3002 1872 3030 vero
1897 2992 2194 3031 commentariis
2214 2992 2471 3032 Aristoxenus
2490 2993 2546 3032 ait
2566 2994 2616 3033 ab
2634 2994 2733 3044 lphi-

1444 3054 1532 3104 clo,
1567 3065 1688 3105 quem
1718 3055 1955 3105 impotenter
1981 3057 2163 3106 amabat,
2187 3057 2433 3107 Harpalycen
2464 3061 2731 3109 contemptam

1445 3130 1615 3159 moerore
1634 3120 1883 3159 contabuisse
1895 3151 1906 3169 ,
1923 3121 2229 3172 institutumque
2248 3122 2299 3160 ab
2320 3125 2463 3162 eventu
2481 3123 2548 3162 illo
2569 3123 2731 3173 virgini-

1444 3183 1519 3223 bus
1538 3183 1732 3223 cantionis
1752 3186 1975 3234 certamen,
1994 3196 2116 3235 quam
2136 3186 2381 3236 Harpalycen
2403 3186 2627 3226 nominant.

2054 3276 2127 3316 73.

1496 3362 1614 3408 Quod
1636 3364 1770 3401 autem
1798 3362 1980 3402 educatio
2000 3364 2040 3403 et
2059 3363 2263 3414 disciplina
2283 3365 2348 3404 vel
2383 3365 2532 3404 rectam
2560 3367 2623 3405 vel
2644 3377 2727 3416 pra·

1442 3435 1535 3463 vam
1567 3424 1713 3464 artium
1749 3426 2029 3465 tractationem
2061 3426 2230 3474 habeat,
2263 3427 2522 3467 Aristoxenus
2542 3428 2725 3467 ostendit.

1441 3489 1542 3526 Nam
1573 3488 1766 3527 Telesiam
1796 3489 2051 3538 Thebanum,
2073 3490 2141 3540 qui
2165 3490 2287 3540 ipsius
2309 3492 2427 3530 aetate
2448 3490 2567 3540 vixit,
2593 3494 2727 3530 narrat

1440 3550 1730 3590 adolescentem
1765 3551 1804 3590 in
1843 3546 2109 3602 pulcherrima
2142 3552 2356 3593 educatum
2389 3554 2564 3601 musica,
2599 3564 2723 3603 quum

1440 3614 1608 3654 aliorum
1629 3614 1822 3654 nobilium
1851 3618 2061 3665 poetarum
2092 3617 2269 3656 carmina
2296 3617 2499 3664 didicisse,
2519 3619 2607 3655 tum
2629 3616 2724 3656 Pina

1439 3677 1545 3727 dari,
1563 3678 1737 3728 Dionysii
1749 3678 1948 3727 Thebani,
1970 3681 2149 3730 Lampri,
2176 3681 2365 3730 Pratinae,
2381 3683 2468 3719 tum
2484 3680 2721 3730 reliquorum

1440 3741 1508 3790 qui
1539 3741 1663 3791 lyrico
1691 3742 1867 3781 carmine
1900 3745 1941 3782 et
1975 3743 2103 3783 modis
2140 3745 2443 3794 praestiterunt:
2474 3742 2721 3791 eundemque

1439 3805 1558 3844 etiam
1586 3805 1682 3845 tibia
1702 3805 1802 3846 bene
1822 3807 2030 3858 cecinisse,
2051 3810 2103 3847 et·
2119 3808 2160 3847 in
2180 3808 2343 3858 reliquis
2365 3807 2487 3846 totius
2506 3805 2721 3855 disciplinae

1439 3868 1615 3918 partibus
1633 3869 1727 3908 satis
1751 3869 1851 3909 felici
1876 3881 1969 3909 cum
1994 3871 2192 3910 industria
2214 3873 2418 3911 versatum
2440 3868 2569 3907 fuisse.
2588 3870 2719 3907 AEtate

1437 3934 1569 3970 autem
1585 3931 1668 3981 jam
1687 3935 1845 3972 matura
1873 3934 1974 3973 adeo
1999 3935 2115 3974 fuisso
2139 3945 2163 3973 a
2189 3933 2342 3973 scenica
2363 3935 2404 3971 et
2426 3930 2533 3969 varia
2550 3930 2614 3968 illa
2634 3940 2715 3968 mu·

1435 3996 1514 4035 sica
1526 3995 1751 4046 deceptum,
1770 4000 1831 4046 ut,
1851 3999 2088 4049 contemptis
2104 3998 2279 4048 pulchris
2293 3998 2339 4036 iis
2354 3997 2390 4035 =n
2406 3995 2550 4044 quibus
2568 3995 2713 4032 enutri-

1434 4061 1500 4099 tus
1515 4060 1644 4100 suerat
1655 4090 1666 4109 ,
1683 4062 1878 4101 Timothei
1895 4073 1942 4101 ac
1956 4062 2162 4102 Philoxeni
2181 4060 2370 4100 edisceret
2389 4057 2582 4102 carmina,
2602 4065 2649 4094 ac
2663 4055 2714 4093 de

1434 4122 1496 4163 his
1513 4123 1668 4174 ipsisea
1691 4125 1963 4174 potissimum,
1987 4135 2077 4175 quae
2099 4113 2271 4164 maxime
2290 4121 2417 4160 essent
2436 4118 2562 4166 varia,
2590 4117 2711 4167 pluri-

1433 4197 1626 4238 mumque
1647 4188 1838 4230 baberent
1852 4190 2040 4229 novitatis
2057 4203 2067 4228 ε
2083 4197 2288 4238 quumque
2305 4195 2347 4224 se
2361 4183 2411 4221 ad
2433 4182 2599 4232 lyricum
2617 4191 2710 4231 pan·

1434 4251 1605 4299 gendum
1624 4262 1783 4291 carmen
1799 4251 2054 4299 contulisset,
2073 4261 2120 4289 ac
2138 4252 2219 4288 tam
2244 4246 2449 4287 Philoxeni
2473 4254 2593 4294 quam
2622 4244 2704 4283 Pin·
