3016 4628
126 440 219 502 f-‘m
246 455 296 485 ο
318 447 365 486 et
395 438 604 484 Lucieno
639 440 752 483 locis
773 454 911 499 supra
946 441 1140 486 laudatis
1175 443 1441 488 referuntur

118 509 311 575 Jgffndde
327 509 528 556 Diodor.
547 511 733 567 XVIII,
760 510 785 554 3
809 527 819 555 :
846 510 1219 560 Καππαδοκίαν...
1247 512 1438 567 Ἀλέξαν-

52 643 54 648 ,
132 568 254 647 ῧρος
274 581 354 628 οὔκ
377 581 558 637 ἐπῆλθεν
578 580 834 637 ἐκκλεισθεὶς
854 581 936 628 ὑπὸ
954 585 1037 628 τῶν
1058 585 1236 647 καιρῶν,
1259 582 1328 630 ὅτε
1357 585 1439 631 διε-

126 659 135 666 ”
199 675 219 690 ·
241 650 334 713 ίμει
353 649 457 715 πρὸς
479 649 684 715 Δαρεῖον)
710 668 767 698 ex
791 654 958 699 eodem
986 657 1141 700 omnia
1164 658 1300 701 etiam
1317 658 1442 716 apud

124 731 133 781 ζ
152 718 417 772 Diodorum
439 732 649 783 repetere
663 739 762 768 non
781 726 975 784 amplius
988 726 1234 775 dubitabis,
1322 780 1335 789 ἡ

100 795 101 798 ’
179 828 182 830 -
225 814 247 838 α
274 797 383 842 Haec
403 804 555 840 autem
581 811 672 855 qua
692 795 786 841 fide
816 798 1085 843 tribuuntur
1125 802 1411 859 Hieronymo
1427 835 1439 856 ,

108 862 315 935 scudem
343 867 615 928 abroganda
643 869 686 913 ei
708 869 944 926 videntur,
972 885 1073 930 quae
1093 872 1309 932 leguntur
1319 873 1443 932 apud

144 935 383 987 justinum
402 940 544 995 XIII,
575 939 604 984 6
632 955 643 984 z
688 943 877 985 Interea
900 943 1149 987 Perdiccas
1181 954 1271 989 etc.
1298 960 1442 1003 usque

95 999 214 1066 ,f‘sstid
228 1012 492 1072 spectacula
511 1009 796 1068 fruerentur.
823 1014 1011 1060 Tradita
1042 1015 1138 1060 haec
1164 1016 1222 1059 ab
1243 1031 1299 1060 eo
1331 1018 1443 1071 scri-

92 1082 289 1145 f-:thore
309 1082 544 1140 videntur,
573 1085 655 1143 qui
687 1085 922 1140 Perdiccae
943 1086 1150 1131 infestior
1169 1096 1304 1142 esset,
1340 1089 1443 1132 ani-

63 1148 66 1153 ’
107 1150 329 1215 *sinisque
376 1156 589 1215 inprimis
637 1157 992 1202 commovendis
1036 1157 1263 1213 studeret,
1304 1168 1443 1217 quam

102 1219 138 1294 ⁴4.
167 1228 397 1288 hylarchi
428 1228 566 1273 fuisse
597 1230 825 1274 rationem
849 1244 874 1274 e
900 1230 1097 1289 Polybio
1125 1239 1317 1277 constat.
1353 1232 1442 1275 Ea-

94 1427 95 1430 ,
119 1381 135 1436 '‘3'‘
148 1373 383 1431 Antipatri
405 1371 509 1417 filiae
527 1406 539 1429 ,
566 1380 611 1417 et
635 1370 915 1432 Cleopatrae,
953 1374 1207 1419 Alexandri
1244 1375 1441 1430 sororis,

102 1452 122 1504 ζ’
148 1458 176 1488 a
213 1443 435 1489 Perdicca
508 1443 626 1489 etitis
669 1445 842 1504 nuptiis
879 1445 937 1489 ab
975 1454 1178 1504 utroque
1220 1447 1446 1505 scriptore

150 1515 166 1577 ζ
179 1517 347 1563 Justin.
371 1517 466 1561 XII
504 1550 516 1573 ‚
539 1517 597 1574 63
622 1517 824 1563 Diodor.
850 1517 1026 1576 XVIII,
1055 1517 1138 1573 23)
1165 1517 1443 1566 referuntur.

104 1643 105 1646 Ἰ
147 1588 300 1633 Verba
317 1589 440 1633 enim
458 1589 624 1632 Justini
644 1604 655 1633 :
682 1589 826 1645 Quem
842 1589 994 1632 dolum
1005 1594 1332 1648 praesentiente
1345 1592 1447 1633 An-

118 1651 119 1654 *
149 1662 316 1719 &patro
328 1693 344 1714 ,
366 1661 473 1704 dum
490 1660 606 1703 duas
632 1661 789 1704 eodem
825 1669 1024 1720 tempore
1053 1675 1216 1704 uxores
1249 1666 1435 1720 quast-it,

39 1789 42 1796 γ
99 1747 110 1794 ⁵.
119 1724 125 1761 ἶ
147 1741 355 1776 neutram
371 1729 572 1787 obtinuit,
591 1729 724 1775 nullo
738 1731 883 1775 modo
901 1732 1219 1776 conveniunta
1231 1733 1445 1777 Diodoro

102 1801 328 1866 {firaditis
341 1838 354 1860 ,
381 1819 409 1849 a
444 1819 541 1864 quo
558 1819 659 1862 quae
674 1812 938 1860 narrantur,
959 1803 1039 1848 hic
1060 1794 1249 1862 quoque
1272 1805 1321 1847 in
1343 1819 1444 1865 gra-

92 1870 259 1923 iiam
297 1877 441 1937 magis
461 1875 694 1920 Perdiceae
718 1875 842 1920 dicta
873 1884 1002 1931 sunt,
1028 1891 1084 1920 eo
1102 1877 1240 1920 etiam
1270 1878 1444 1921 Hiero-

92 1948 276 2011 thymi
303 1949 537 1994 rationem
558 1947 828 2004 referentia,
855 1947 987 2007 quod
1023 1963 1102 1992 sua
1131 1949 1266 1996 simul
1306 1949 1444 1993 Anti-—

120 2021 274 2083 .],-³gono
308 2020 408 2066 laus
444 2020 665 2064 tribuitur
702 2016 780 2080 (Ὁ
805 2017 850 2065 δὲ
898 2017 1131 2080 Ἀντίγονος
1169 2017 1333 2066 συνέσει
1370 2018 1444 2066 καὶ

104 2084 291 2160 γιγἸὲόλμῃ
317 2089 528 2156 διαφέρων
545 2091 638 2137 κτλ.
657 2108 699 2138 e.
725 2089 828 2155 23).
989 2147 992 2150 Ι

36 2211 38 2216 ,
103 2153 168 2214 ,.³·³·
216 2182 239 2206 u
261 2166 462 2211 Multum
484 2180 592 2210 sane
612 2165 711 2209 haec
743 2165 934 2224 quaestio
958 2163 1214 2223 juvaretur,
1250 2166 1287 2209 si
1308 2165 1444 2224 plura

35 2254 50 2294 j,
106 2235 375 2298 ‚-·z*ejusmodi
391 2237 647 2298 fragmenta
660 2245 905 2292 exstarent,
922 2251 947 2281 e
959 2236 1127 2296 quibus
1140 2235 1441 2295 Hieronymo,

36 2300 41 2335 ²·
98 2300 343 2373 {quaeant
363 2309 601 2363 Diodorus
624 2318 703 2354 aut
718 2310 988 2353 Plutarchus
1002 2317 1081 2352 aut
1092 2309 1169 2352 alii
1182 2323 1239 2352 ex
1255 2323 1310 2352 eo
1327 2310 1440 2352 hau-

99 2375 167 2442 (Ψ
230 2402 237 2421 n
285 2391 324 2438 t,
342 2382 580 2427 vindicare
599 2382 779 2428 liceret.
822 2383 927 2426 Hoc
951 2389 1105 2425 autem
1132 2381 1168 2424 si
1202 2395 1309 2424 usos
1339 2381 1442 2424 illos

119 2437 230 2492 ''--<
263 2449 465 2510 constat,
498 2453 550 2498 id
580 2468 770 2513 quoque
791 2453 927 2497 statui
948 2451 1129 2506 licebit,
1153 2452 1440 2510 Hieronymo

35 2567 37 2569 ,
106 2532 332 2587 *eosprae
353 2527 516 2571 ceteris
537 2541 645 2570 usos
669 2539 786 2580 esse,
815 2524 1005 2582 ejusque
1030 2523 1126 2567 fere
1144 2524 1330 2583 agnosci
1355 2539 1441 2568 ve-

106 2589 275 2658 ‘fatigia
289 2632 302 2654 ,
350 2598 433 2642 ubi
486 2598 631 2642 verba
679 2612 845 2642 eorum
887 2597 1011 2640 inter
1060 2610 1108 2640 se
1156 2597 1436 2655 conspirant.

32 2718 33 2724 χ
106 2658 384 2729 ‘'rEjusmodi
405 2671 534 2714 loeus
550 2670 608 2714 de
637 2669 888 2713 certamine
924 2665 1146 2727 singulari
1176 2676 1243 2713 est
1269 2668 1438 2712 Eume-

32 2783 33 2788 ,
98 2742 215 2811 “Quis
252 2743 297 2786 et
315 2742 615 2802 Neoptolemi
637 2739 775 2801 apud·
792 2738 1058 2784 Diodorum
1083 2740 1271 2796 XVIII,
1300 2738 1355 2783 31
1397 2748 1443 2784 et

29 2845 36 2870 2
104 2809 111 2877 J
121 2831 130 2835 ‘⁷
142 2812 380 2859 Plutarch.
419 2816 554 2858 Eum.
579 2829 624 2871 7.

99 2882 103 2885 ’
119 2890 130 2902 ’
210 2904 231 2926 α
244 2887 518 2931 Plutarchus
533 2887 657 2930 enim
672 2899 683 2931 :
698 2881 792 2937 Τὰς
808 2881 929 2940 ἡνίας
947 2880 1119 2947 ἀφέντες
1135 2880 1332 2938 ἀλλήλων
1352 2882 1444 2928 ἐπε-

28 2959 29 2962 ’
86 2948 353 3021 fv8poi'60tvro
369 2963 462 3013 ταῖς
481 2955 619 3021 χερσί.
644 2958 883 3003 Diodorus
907 2973 918 3001 τ
945 2957 1056 3007 Ταῖς
1077 2954 1317 3018 ἀριστεραῖς
1339 2971 1442 3018 χερ-

28 3087 29 3092 ¹
88 3032 132 3085 ,³⁶5
144 3026 213 3077 σὶν
237 3027 413 3095 ἀφέντες
425 3029 500 3092 τὰς
519 3028 642 3086 ἡνίας
656 3028 855 3084 ἀλλήλων
873 3026 1119 3092 ἐδράξαντο.
1137 3029 1408 3072 Plutarchus
1427 3044 1438 3072 ε

97 3098 122 3150 ἵζ’
145 3091 258 3149 Εἶτα
282 3103 304 3148 ὃ
321 3099 399 3163 μὲν
419 3099 619 3163 Εὐμένης
644 3104 718 3146 τοῦ
740 3097 1048 3160 Νεοπτολέμου
1067 3095 1442 3162 προεξανισταμέ-

129 3174 131 3178 ’
146 3187 220 3221 νου
250 3171 326 3230 τὴν
345 3170 493 3235 ἰγνύαν
513 3170 723 3235 ὑπέκοψεν
744 3170 869 3222 αὐτὸς
886 3170 945 3222 εἷς
968 3168 1089 3232 ὀρθὸν
1118 3167 1283 3230 φθάσας
1305 3187 1442 3215 κατα-

91 3236 314 3303 1’στ’ἥναι.
339 3244 615 3290 Diodorus:
639 3241 696 3290 Ὁ
721 3240 798 3302 μὲν
825 3240 1020 3302 Εὐμένης
1053 3239 1211 3305 ἔφθασε
1237 3239 1441 3304 πρότερον

98 3313 404 3377 ἷ-,Ῐδιαναστὰῃ
430 3319 506 3362 τοῦ
530 3313 842 3375 Νεοπτολέμου
879 3310 995 3376 ἰγνὺν
1024 3311 1234 3366 πατάξας.
1261 3315 1443 3358 Plutar-

90 3419 103 3447 ς
134 3388 260 3439 ‘chus
281 3405 294 3437 ε
322 3387 514 3449 Πληγεὶς
536 3385 579 3432 δὲ
603 3385 724 3450 παρὰ
746 3385 819 3432 τὸν
851 3383 1069 3450 τράχηλον
1105 3385 1229 3429 ἔπεσε
1259 3384 1332 3430 καὶ
1354 3402 1438 3429 πα·

91 3455 122 3463 ’
139 3460 280 3528 pelen.
303 3460 544 3513 Diodorus
562 3475 575 3504 ι
594 3457 648 3505 Ὁ
664 3456 862 3519 Εὐμένης
882 3454 1080 3519 δευτέραν
1098 3452 1266 3517 πληγὴν
1284 3454 1354 3501 ἐπὶ
1370 3454 1441 3501 τὸν

83 3558 86 3559 ’
107 3536 118 3595 ’γ
146 3531 361 3599 τράχηλον
379 3526 608 3593 ἐπενέγκας
627 3528 849 3576 ἀπέκτεινε
873 3523 943 3574 τὸν
960 3525 1277 3588 Νεοπτόλεμον.
1296 3530 1351 3571 In
1374 3529 1444 3572 his

19 3616 22 3619 “
147 3606 301 3652 autem
323 3604 712 3666 quiRHieronymi
732 3601 857 3662 apud
888 3611 1141 3659 utrumque
1168 3601 1442 3659 scriptorem

78 3676 86 3720 ss
109 3671 254 3724 *usus
274 3688 367 3734 est,
403 3681 454 3724 in
482 3678 538 3721 iis
559 3677 696 3720 etiam
730 3690 823 3719 esse
856 3673 1058 3727 videtur,
1094 3687 1197 3730 quae
1227 3671 1286 3715 de
1316 3671 1441 3715 bello

147 3749 239 3794 hoc
254 3747 471 3797 Eumenis
489 3749 649 3811 paullo
671 3756 777 3791 ante
802 3755 1067 3791 narrantur.
1091 3747 1160 3789 De
1180 3759 1274 3803 quo
1298 3759 1443 3802 quum

73 3834 121 3871 '.-
147 3819 383 3874 Plutarchi
411 3830 551 3880 atque
570 3819 765 3878 Nepotis
781 3819 947 3877 passim
976 3816 1211 3875 copiosior
1237 3815 1442 3858 narratio

82 3900 103 3942 ζ
146 3892 229 3949 sit,
244 3891 295 3936 hi
312 3900 503 3952 quoque
520 3889 702 3952 plenius
720 3903 1058 3947 nonnunquam
1077 3887 1251 3931 referre
1267 3886 1442 3930 Hiero-

82 3964 182 4028 gn
258 3978 339 4009 um
358 3965 592 4010 videntur.
616 3964 720 4020 Quo
735 3963 972 4021 pertinent
995 3975 1096 4018 quae
1125 3959 1183 4002 de
1204 3957 1442 4002 conditio-

83 4041 97 4069 ·'
116 4035 141 4095 ζ’·
167 4036 171 4037 ’
231 4050 286 4080 us
304 4036 364 4080 ab
397 4037 645 4095 Antipatro
669 4033 924 4094 propositis
942 4031 1139 4075 Eumeni
1174 4028 1443 4088 produntur

0 4119 19 4147 ι’
95 4107 114 4155 ᾗ
145 4107 178 4151 ἐἰ
203 4107 452 4153 Plutarcho
485 4123 527 4154 c.
555 4105 609 4162 5,
647 4105 707 4150 de
742 4103 912 4163 quibus
935 4102 1061 4162 apud
1089 4101 1351 4146 Diodorum
1383 4114 1442 4145 ne

1267 264 1677 316 FRAGMENTA.

147 376 324 417 -mmr
345 381 446 427 φη,
477 380 535 412 ex
563 367 663 427 ipso
694 368 984 427 Hieronymo
1011 367 1091 430 (fr.
1133 386 1149 414 1
1174 370 1243 432 a.)
1267 372 1324 416 ab
1350 375 1437 432 Ap·
1521 376 1694 434 tipatro
1715 385 1759 421 et
1778 378 1966 424 Cratero
1998 381 2055 426 dc
2085 386 2295 431 Eumenis
2318 392 2542 446 exercitu,
2569 411 2669 455 quae
2703 400 2789 444 cu·
2820 444 2822 447 Α

98 1299 258 1350 ,fldem
273 1301 581 1360 discrepantia
610 1303 660 1346 in
688 1303 742 1346 iis
778 1303 1024 1361 reperitur,
1049 1317 1150 1361 quae
1180 1301 1239 1347 de
1259 1304 1457 1359 Nicaeae,

2684 300 2780 340 ⁴3?

1515 460 1670 489 menes
1692 447 1906 504 instituit,
1946 459 1996 493 ut
2024 456 2177 511 copias
2209 472 2306 500 suas
2335 462 2504 507 Crateri
2540 466 2780 512 adventum

1517 514 1687 559 celaret
1708 517 1849 575 (Plut.
1896 521 2025 564 Eum.
2054 522 2106 577 63
2142 526 2335 572 Diodor.
2362 531 2536 588 XVlll,
2566 537 2678 595 29),
2705 538 2786 583 de-

1517 587 1658 645 nique
1679 586 1737 631 de
1761 598 1909 633 morte
1925 592 2096 636 Crateri
2111 609 2212 651 quae
2226 599 2347 655 apud
2366 602 2622 650 Diodorum
2638 610 2785 664 xvu,

1520 656 1597 712 30,
1626 657 1685 703 cf.
1719 658 1903 705 Cornel.
1931 663 2059 708 Eum.
2089 679 2131 709 c.
2156 670 2198 717 4.

1582 748 1602 769 ι
1612 730 1878 798 Comparari
1896 747 2041 791 porro
2056 750 2207 793 operae
2218 744 2412 797 pretium
2427 754 2488 787 est
2502 747 2791 795 Plutarchum

1518 815 1557 844 c.
1579 799 1606 844 8
1628 811 1673 845 et
1691 802 1953 846 Diodorum
1972 805 2124 850 XVIII
2142 841 2152 864 ,
2167 807 2240 863 37.
2263 810 2345 854 Ille
2361 814 2479 856 enim
2503 832 2512 858 :
2535 814 2643 861 Ἀλλ’
2665 819 2699 863 εἷ
2717 818 2794 875 μὲν

1518 869 1621 934 ἔφθη
1667 870 1909 934 Περδίκκας
1950 872 2182 936 πυθόμενος
2205 876 2282 933 τὴν
2323 881 2541 945 Κρατέρου
2578 888 2791 944 τελευτὴν,

1519 943 1596 988 οὐκ
1617 940 1667 988 ἂν
1699 942 1825 997 ἄλλος
1849 944 2088 1008 ἐπρώτευσε
2114 949 2394 996 Μακεδόνων·
2417 957 2488 999 νῦν
2511 955 2549 1001 δ’
2582 958 2793 1020 nimpi-,ui-

1517 1031 1588 1064 νου
1613 1014 1851 1078 Περδίκκου
1872 1015 1983 1063 κατὰ
2008 1016 2155 1064 στάσιν
2180 1020 2223 1067 ἐν
2242 1021 2450 1087 Αἰγύπτῳ
2478 1025 2594 1072 δυσὶν
2621 1011 2797 1092 1ἡμέραις

1517 1085 1723 1150 πρότερον
1748 1079 1851 1143 ἧκεν
1889 1080 2007 1142 οὗτος
2030 1091 2052 1135 ὁ
2085 1090 2183 1154 περὶ
2220 1094 2294 1148 τῆς
2327 1093 2472 1158 μάχης
2504 1097 2626 1158 λόγος
2653 1101 2709 1153 εἰς
2746 1101 2792 1146 τὸ

1520 1149 1821 1213 στρατόπεδον,
1857 1151 1930 1198 καὶ
1950 1152 2054 1217 πρὸς
2076 1154 2204 1218 ὀργὴν
2229 1155 2347 1211 εὐθὺς
2370 1162 2408 1205 οἱ
2444 1162 2684 1215 Μακεδόνες
2714 1164 2793 1210 θά-

1521 1246 1647 1275 νατον
1667 1233 1739 1275 τοῦ
1783 1229 1997 1291 Εὐμένους
2019 1230 2309 1295 κατέγνωσαν.
2341 1238 2429 1283 Hic
2456 1254 2467 1283 :
2493 1238 2615 1286 Μετὰ
2641 1239 2684 1286 δὲ
2717 1240 2792 1297 τὴν

1521 1299 1671 1347 τούτου
1701 1300 1901 1358 τελευτὴν
1920 1301 2037 1357 εὐθὺς
2075 1296 2178 1361 ἧκόν
2214 1324 2325 1360 τινες
2349 1307 2706 1371 ἀπαγγέλλοντες,
2734 1311 2797 1358 ὅτι

1520 1371 1801 1436 παρατάξεως
1844 1374 2071 1435 γενομένης
2111 1375 2218 1440 περ,
2255 1379 2572 1427 Καππαδοκίαν
2612 1382 2799 1443 Εὐμένης

1519 1442 1734 1502 νενίκηκε,
1775 1444 1994 1509 Κράτερος
2037 1445 2081 1493 δὲ
2122 1447 2196 1494 καὶ
2226 1448 2520 1512 Νεοπτόλεμος
2552 1453 2797 1511 ἡττηθέντες

1521 1514 1769 1578 ἀνῄρηνται.
1793 1517 1930 1563 Τοῦτο
1953 1516 1990 1562 δ’
2010 1518 2047 1563 εἷ
2072 1517 2167 1564 δυσὶ
2198 1518 2601 1586 πρότερονὴμέραις
2637 1522 2799 1585 ἐγένετο

1524 1588 1599 1643 τ’ῆς
1624 1585 1863 1650 Περδίκκου
1886 1588 2109 1647 τελευτῆς,
2139 1590 2273 1643 οὐδεὶς
2296 1589 2346 1636 ἂν
2371 1592 2579 1653 ἐτόλμησε
2612 1592 2687 1647 τὰς
2706 1597 2797 1658 χεῖ-

1522 1676 1598 1722 ρας
1626 1657 1842 1723 Περδίκκᾳ
1868 1663 2163 1723 προσενεγκεῖν
2188 1661 2256 1707 διὰ
2276 1662 2324 1709 τὸ
2349 1662 2522 1726 μέγεθος
2550 1669 2623 1722 τῆς
2646 1667 2798 1726 εὐημε-

1522 1729 1636 1794 ρίας·
1662 1734 1701 1778 οἱ
1725 1732 1761 1777 δ’
1784 1723 1857 1778 οὖν
1883 1732 2125 1786 Μακεδόνες
2147 1734 2374 1796 πυθόμενοι
2404 1735 2458 1781 τὰ
2485 1736 2582 1799 περὶ
2607 1738 2678 1783 τὸν
2711 1739 2795 1786 Εὖ·

1521 1803 1650 1865 μένη,
1674 1803 1950 1867 κατέγνωσαν
1976 1806 2103 1851 αὐτοῦ
2123 1806 2317 1855 θάνατον.
2344 1811 2450 1854 Haec
2475 1811 2613 1870 igitur
2625 1811 2703 1855 ubi
2726 1813 2796 1855 in-

1519 1886 1591 1922 ter
1625 1893 1672 1922 se
1711 1887 2055 1938 comparantur,
2079 1888 2133 1923 ut
2168 1894 2225 1924 ex
2263 1881 2429 1925 eodem
2463 1882 2613 1938 sonte,
2642 1884 2701 1927 ita
2742 1899 2796 1927 ex

1519 1950 1806 2009 Hieronymo
1826 1948 2006 1995 fluxiffie
2019 1951 2241 1996 credibile
2258 1960 2337 1999 est.

1585 2042 1605 2062 κ
1618 2023 1732 2080 >Quae
1754 2022 2039 2066 machinatus
2059 2031 2123 2066 est
2145 2025 2369 2069 Eumenes
2388 2019 2792 2084 post'intersectum

1516 2094 1899 2152 Neoptolemum,
1921 2094 2118 2137 maxime
2135 2103 2186 2138 ut
2203 2095 2369 2139 milites
2386 2097 2432 2139 in
2456 2094 2547 2139 fide
2569 2107 2793 2150 servaret,

1516 2166 1642 2210 bello
1659 2181 1763 2210 cum
1788 2166 2022 2224 Antigono
2035 2166 2318 2227 imminente,
2340 2166 2578 2211 Diodorus
2593 2170 2796 2220 retinuit,

1515 2237 1785 2281 Plutarchus
1801 2252 1841 2282 c.
1869 2237 1899 2281 8
1915 2237 2117 2280 narravit
2147 2237 2359 2295 pluribus
2378 2246 2423 2282 et
2445 2253 2548 2282 cum
2581 2254 2636 2282 eo
2659 2240 2683 2282 J
2689 2241 2792 2283 usti-

1514 2324 1601 2352 nus
1622 2310 1756 2363 XIV,
1783 2323 1824 2354 1.
1842 2309 1968 2365 Quos
1989 2307 2246 2351 notandum
2276 2309 2464 2367 quidem
2483 2317 2547 2353 est
2571 2310 2618 2353 in
2644 2310 2793 2368 pleris-

1516 2395 1607 2440 que
1631 2379 1915 2433 consentire;
1935 2394 2031 2422 non
2052 2380 2112 2422 ita
2129 2387 2303 2434 tamen,
2331 2381 2444 2438 quin
2470 2380 2599 2438 quod
2630 2382 2676 2424 in
2697 2380 2795 2423 aliis

1516 2467 1704 2512 quoque
1724 2451 1836 2495 locis
1859 2450 2158 2508 conjecimus,
2186 2452 2321 2495 etiam
2356 2452 2428 2495 hic
2447 2467 2580 2495 suum
2598 2461 2792 2510 uterque

1515 2534 1776 2579 auctorem,
1798 2522 1986 2571 fortasse
2023 2522 2291 2566 Plutarchus
2314 2522 2640 2581 Hieronymum
2655 2555 2670 2579 ,
2711 2524 2795 2567 Ju-

1514 2597 1656 2640 stinus
1693 2594 2001 2653 Phylarchum
2024 2594 2150 2651 sequi
2172 2595 2392 2652 potuerit.
2413 2594 2704 2638 Rhetoricam
2724 2608 2794 2638 ra·

1514 2670 1690 2712 tionem
1715 2667 1790 2711 hic
1815 2680 2004 2725 quoque
2028 2666 2191 2709 Iustini
2215 2666 2358 2723 magis
2387 2681 2524 2724 quam
2564 2666 2793 2710 Plutarchi

1516 2741 1665 2785 oratio
1678 2739 1810 2798 sapit.
1825 2738 2001 2782 Retulit
2013 2745 2232 2796 praeterea
2249 2738 2363 2780 alter
2379 2753 2479 2795 quae
2494 2738 2609 2782 alter
2625 2739 2794 2796 omisit,

1514 2827 1666 2871 neque
1689 2810 1854 2855 eodem
1869 2818 2064 2867 uterque
2079 2807 2222 2852 modo
2239 2807 2429 2852 tradidit
2442 2842 2454 2863 ,
2473 2824 2574 2867 quae
2587 2809 2644 2852 ab
2662 2818 2794 2852 utro·

1516 2899 1607 2943 que
1624 2882 1790 2927 tradita
1809 2882 1939 2926 simul
1965 2889 2157 2926 exstant.
2226 2880 2397 2924 Contra
2414 2879 2610 2923 eundem
2628 2881 2790 2923 iterum

1522 2955 1758 3000 Plutarchi
1789 2960 1834 2998 et
1866 2951 2066 2998 Diodori
2096 2951 2269 2995 fontem
2296 2951 2517 3010 suspicari
2551 2951 2655 2994 licet
2673 2983 2686 3004 ,
2714 2950 2793 2994 ubi

1523 3028 1582 3072 de
1601 3028 1727 3071 bello
1742 3025 1956 3070 Eumenis
1972 3032 2015 3068 et
2030 3024 2251 3083 Antigoni
2269 3038 2369 3080 quae
2388 3023 2589 3066 narravit
2603 3030 2796 3080 uterque

1523 3114 1859 3159 comparamus.
1883 3095 2045 3142 Clades
2068 3110 2158 3154 qua
2181 3094 2465 3153 Antigonum
2487 3094 2711 3137 Eumenes
2729 3093 2794 3136 as·

1519 3173 1627 3216 fecit
1644 3206 1657 3230 ‚
1679 3168 1975 3230 Apollonidis
1994 3166 2230 3224 cujusdam
2255 3166 2311 3209 ab
2334 3165 2568 3225 Antigono
2589 3165 2793 3223 corrupti

1515 3242 1723 3303 perfidiae
1750 3241 1951 3301 (XVIII,
1981 3237 2071 3299 40)
2103 3238 2339 3292 tribuitur,
2373 3251 2511 3295 quem
2541 3236 2792 3295 intelligere

1515 3315 1701 3359 videtur
1726 3312 1995 3357 Plutarchus
2017 3325 2058 3356 c.
2083 3325 2112 3368 9
2134 3323 2146 3355 ἰ
2172 3306 2364 3364 ἡττηθεὶς
2387 3305 2457 3352 ὑπ’
2478 3305 2707 3365 Ἀντιγόνου
2728 3305 2794 3350 διὸ

1517 3381 1749 3447 προδοσίαν
1779 3383 1875 3429 κτλ.
1912 3382 2201 3427 Omittuntur
2232 3395 2344 3423 vero
2379 3378 2502 3438 apud
2537 3377 2794 3422 Diodorum

1517 3473 1558 3503 c.
1595 3462 1655 3509 40
1689 3470 1789 3514 quae
1816 3456 1863 3498 in
1899 3453 2006 3513 suga
2040 3454 2289 3505 Eumenes,
2323 3451 2432 3494 dum
2464 3450 2616 3508 copias
2642 3463 2790 3492 seeum

1515 3528 1709 3572 haberet
1724 3559 1736 3582 ,
1755 3526 2041 3570 machinatus
2057 3532 2147 3582 est,
2170 3533 2215 3566 et
2239 3524 2385 3566 omitti
2405 3529 2617 3580 poterant
2634 3534 2658 3563 a
2678 3520 2787 3563 Dio·

1517 3599 1664 3653 doro,
1691 3613 1836 3656 quum
1855 3596 1915 3640 ad
1947 3596 2161 3640 Eumenis
2185 3595 2327 3653 magis
2347 3592 2634 3637 calliditatem
2654 3604 2788 3649 quam

1517 3671 1575 3715 ad
1595 3684 1750 3714 rerum
1767 3676 1994 3729 gestarum
2010 3668 2236 3712 rationem
2249 3674 2293 3709 et
2309 3679 2474 3708 nexum
2486 3663 2789 3722 pertinerent,

1517 3742 1678 3787 eadem
1694 3756 1807 3785 vero
1832 3740 1891 3784 de
1911 3754 2043 3783 causa
2061 3739 2210 3783 omitti
2227 3739 2303 3781 vix
2319 3742 2532 3794 poterant
2549 3732 2606 3776 ab
2626 3733 2786 3775 {liero-

1516 3828 1657 3871 nymo
1674 3845 1686 3866 ‚
1711 3825 1853 3870 quem
1882 3810 2128 3869 probabile
2152 3818 2217 3853 est
2244 3810 2290 3851 in
2315 3809 2388 3859 iis,
2414 3820 2512 3863 quae
2533 3802 2589 3846 ad
2617 3801 2782 3847 Eume-

1517 3899 1623 3927 nem
1649 3883 1876 3936 facerent‚
1896 3882 2104 3940 inprimis
2120 3882 2354 3939 copiosum
2374 3877 2522 3919 fuisse.
2542 3874 2652 3930 Quae
2669 3873 2786 3915 inter

1516 3955 1779 4000 Diodorum
1801 3954 1987 4007 XVIII,
2016 3957 2068 4004 41
2103 3953 2204 3995 init.
2232 3959 2277 3994 et
2302 3946 2588 3992 Plutarchum
2619 3942 2779 4000 (Eum.

1518 4044 1558 4073 c.
1589 4027 1675 4086 ιο)
1701 4019 1919 4070 dissensio
1944 4033 2031 4079 est,
2052 4038 2249 4082 quorum
2269 4021 2343 4063 ille
2363 4020 2605 4062 Eumenem
2630 4021 2784 4056 narrat

1518 4100 1666 4159 ipsum
1686 4098 1922 4142 hortatum
1946 4111 2037 4140 esse
2059 4094 2282 4153 plurimos
2297 4090 2487 4133 militum
2506 4093 2551 4128 ut
2588 4082 2778 4127 decede,-

23 4165 27 4168 *
87 4166 347 4226 {ulium
368 4177 556 4239 quidem
569 4211 582 4234 ,
606 4192 707 4242 quae
727 4174 973 4238 praetendit
990 4173 1321 4234 Neoptolemus
1348 4174 1440 4216 An·
1526 4178 1643 4223 rent,
1660 4170 1733 4212 hic
1750 4183 1828 4212 eos
1849 4167 2061 4211 defecisse
2077 4164 2134 4207 ad
2156 4163 2452 4220 Antigonum,
2481 4155 2783 4211 tolliturque·
