3008 4542
107 706 110 710 ⁴
121 722 133 745 1

267 310 305 341 4.
327 292 397 340 >td
432 291 765 354 Ῥαμεσσήσεως
770 328 1193 347 .........
1218 313 1292 343 an.
1329 313 1374 345 24

271 363 395 412 ⁶.x6'
433 363 796 425 Ῥαμεσσαμένω.
828 401 840 413 .
879 400 889 411 .
933 403 943 414 .
974 402 987 414 .
1024 402 1037 414 .
1077 400 1090 414 .
1334 385 1374 416 19

247 452 305 488 411.
326 435 393 496 κγ’
430 433 656 496 Ῥαμεσσῆ
694 433 926 492 Ἰουὸασσῆ
933 470 1191 487 ......
1331 455 1372 486 ³9

131 546 140 564 J.
269 523 307 557 7.
331 505 396 553 κδ’
433 505 662 567 Ῥαμεσσῆ
707 506 910 572 Οὖάφρου
916 541 1190 556 ......
1329 527 1372 558 29

72 584 73 589 ’
122 571 140 619 ξ-
211 612 236 622 ..
267 597 305 626 ⁸.
329 577 390 624 κε’
428 578 646 640 Κόγχαρις
651 612 1182 627 ...........
1351 600 1370 628 5

119 663 129 677 “
1314 687 1375 718 1911

103 751 127 802 ζ,
203 742 365 799 Itaque
379 755 523 798 quum
539 738 664 782 idem
674 754 894 784 numerus
905 756 1070 800 regum
1083 742 1284 786 eundem
1298 746 1436 787 etiam

95 807 278 872 {satque
293 813 396 857 Vet.
420 812 686 856 chronicon
699 826 927 855 annorum
940 829 1186 857 numerum
1206 816 1434 870 exhibeat,

92 883 117 940 ζζ
142 883 198 929 id
213 883 344 942 quod
366 883 543 942 primus
566 882 684 925 vidit
716 883 983 940 Boeckhius‚
1003 893 1130 943 patet
1156 887 1388 930 immerito
1410 902 1436 931 a

93 984 124 1027 3„-
138 958 349 1019 plurimis
368 957 567 1000 incusari
599 956 849 999 Eusebium
865 990 877 1012 ‚
898 959 1025 1015 quasi
1047 968 1212 1018 suopte
1246 960 1433 1019 ingenio

64 1067 106 1090 J
138 1027 263 1074 hanc
302 1027 559 1087 dynastiam
597 1025 860 1071 effinxisset.
907 1030 1048 1073 Aliud
1088 1041 1430 1090 argumentum,

71 1092 78 1122 ·⁵'
87 1132 110 1156 24
139 1106 235 1160 ’quo
248 1099 387 1144 fidem
400 1099 584 1143 Eusebii
596 1107 818 1155 tueretur,
834 1101 1078 1145 Boeckhius
1090 1104 1252 1161 petivit
1263 1119 1318 1147 ex
1330 1105 1431 1148 Eus.

138 1174 265 1217 Arm.
283 1170 359 1217 ed.
381 1170 551 1215 Zorab.
569 1171 684 1214 serie
703 1186 865 1231 regum
886 1174 1184 1232 Argivorum,
1207 1175 1289 1218 ubi
1305 1175 1400 1220 haec
1418 1192 1429 1219 :

75 1230 113 1263 Ὗ
138 1244 333 1302 Regnan
340 1252 382 1286 te
394 1243 580 1286 Amesse
593 1245 805 1298 secundo,
833 1259 941 1301 rege
953 1247 1286 1305 AEgyptiorum,
1312 1263 1433 1291 anno

67 1312 73 1329 ³
91 1301 104 1348 ’ἶ
140 1315 306 1361 CLXI
337 1316 566 1372 dynastia?
602 1315 734 1357 XVI
761 1320 807 1358 in
836 1318 1031 1374 Argivos
1066 1327 1232 1375 regnat
1270 1322 1431 1378 Argos.

83 1391 111 1447 J}
138 1385 271 1430 Idem
309 1385 368 1429 ad
407 1384 550 1428 finem
593 1385 805 1429 laterculi
851 1388 1091 1445 repetitur.
1124 1390 1273 1448 Igitur
1312 1391 1432 1434 bene

61 1460 64 1463 ’
87 1448 124 1507 ⁸ss-
137 1459 270 1502 novit
288 1458 509 1501 Eusebius
530 1458 721 1501 nomina
736 1473 899 1518 regum
912 1458 1046 1516 hujus
1070 1460 1304 1519 dynastiae3
1322 1478 1432 1506 nam

61 1523 67 1526 Δ
106 1522 109 1527 ⁴
137 1532 350 1574 Amesses
371 1531 450 1574 ille
467 1529 595 1573 haud
613 1529 754 1574 dubie
776 1539 840 1574 est
858 1533 1095 1575 Ramesses
1121 1534 1318 1591 Syncelli
1334 1568 1346 1589 ,
1376 1550 1432 1578 ex

55 1590 57 1608 ³
101 1615 109 1660 j
138 1602 268 1660 cujus
304 1602 508 1645 numeris
538 1617 684 1644 annus
725 1602 942 1660 dynastiae
986 1605 1071 1661 161
1125 1605 1248 1648 foret
1288 1622 1432 1651 annus

59 1661 105 1739 ,33³2
137 1675 326 1734 'quintus
368 1675 602 1717 Ramessis
639 1673 849 1732 Uaphru.
891 1700 955 1708 -—
991 1676 1238 1720 Suboritur
1280 1687 1432 1722 tamen

138 1746 384 1806 dubitatio.
403 1747 580 1804 Nempe
594 1747 641 1788 in
658 1745 988 1803 Majiversione
1001 1783 1012 1803 ,
1036 1763 1174 1805 quam
1187 1750 1432 1795 Boeckhius

52 1815 94 1866 ξῑι,
137 1833 236 1879 non
253 1818 532 1862 consuluisse
554 1817 758 1874 videtur,
787 1818 917 1862 locus
944 1819 1156 1863 laudatus
1183 1822 1246 1865 ita
1266 1837 1312 1865 se
1338 1823 1430 1867 ha-

83 1886 94 1934 }
136 1890 219 1956 bet
261 1904 272 1936 τ

321 1892 560 1950 Regnantc
603 1891 803 1934 secundo
836 1893 1154 1955 AEgyptiormn
1186 1895 1351 1936 Amasi
1382 1899 1430 1938 in

139 1963 453 2008 ses-cadecima
488 1962 706 2018 dynastia
723 1977 851 2006 αηηο·
859 1959 1016 2006 ·‘CLX
1014 1966 1049 2006 I
1074 1968 1315 2022 imperavit
1340 1968 1430 2009 Ar-

48 2021 94 2104 ἕξ
137 2038 252 2096 givis
282 2033 504 2079 Inachus.
532 2033 676 2077 Nihili
713 2034 809 2077 haec
846 2033 1068 2090 facerem,
1110 2051 1254 2094 quum
1289 2038 1431 2083 altera

49 2106 90 2165 '³¹2‘
136 2101 287 2152 '‘versio
308 2107 458 2149 multo
475 2107 732 2150 accuratius
753 2107 1028 2151 Armeniaca
1044 2107 1243 2152 reddere
1258 2110 1400 2154 soleat
1414 2144 1426 2165 ,

48 2151 95 2214 ἓ·
135 2181 223 2245 nisi
244 2180 414 2224 Amasis
434 2179 509 2222 vel
526 2179 705 2223 Amosis
722 2178 834 2237 dyn.
855 2181 1012 2225 XVIII
1031 2195 1111 2224 rex
1126 2183 1287 2240 saepius
1305 2183 1430 2241 apud

46 2249 88 2303 Y}
135 2253 349 2318 Ecclesiae
360 2253 518 2295 Patres
534 2259 771 2309 tamquam
794 2252 830 2295 is
845 2253 1165 2296 nominaretur
1186 2255 1265 2312 qui
1291 2254 1429 2314 Moy—

137 2326 197 2375 sis
231 2333 277 2368 et
307 2324 465 2369 Inachi
495 2323 785 2383 temporibus
815 2326 1076 2384 regnaverit
1115 2320 1426 2385 (TatiansOr'.

54 2390 80 2436 ἰ
138 2378 243 2455 adv.
271 2396 350 2442 Gr.
371 2405 416 2440 et
432 2395 634 2441 African.
653 2410 727 2454 ap.
741 2396 909 2443 Euseb.
927 2398 980 2441 P.
1001 2399 1054 2441 Ε.
1070 2399 1132 2454 X,
1154 2414 1171 2441 1
1187 2415 1227 2455 1,
1243 2415 1288 2458 p.
1307 2404 1396 2459 494
1414 2417 1426 2462 ;

138 2469 282 2519 Clem.
311 2469 445 2512 Alex.
469 2469 642 2513 Strom.
669 2469 716 2523 Ι,
751 2482 806 2511 21
826 2502 838 2524 ,
858 2483 908 2527 p.
943 2467 1049 2524 138,
1075 2469 1154 2513 23.
1178 2471 1231 2515 V.
1257 2473 1426 2530 Apion.

45 2539 97 2594 ,ζ’
137 2541 194 2587 fr.
228 2557 274 2587 2.
317 2541 507 2584 Boeckh.
538 2541 570 2587 l.
606 2541 636 2586 1.
668 2538 798 2602 194).
828 2536 1062 2584 Secundus
1098 2557 1211 2586 vero
1250 2545 1429 2588 Amosis

133 2613 230 2670 ‘dici
263 2613 446 2672 potuit,
477 2613 513 2656 si
531 2612 711 2671 primus
745 2627 826 2655 rex
850 2612 961 2671 dyn.
988 2614 1144 2658 XVIII
1169 2615 1429 2675 intelligen-

42 2693 63 2747 '‚
140 2683 226 2738 dus
245 2693 332 2740 est,
350 2684 480 2742 quod
500 2698 637 2728 avum
660 2682 864 2743 ejusdem
886 2685 1087 2728 nominis
1108 2685 1296 2743 habuit;
1316 2703 1429 2746 pro-

71 2763 88 2815 2<ss
139 2756 337 2801 habilius
356 2765 510 2800 tamen
540 2756 811 2815 cogitaverit
825 2765 988 2800 auctor
1021 2756 1080 2800 de
1105 2759 1301 2816 septimo
1322 2775 1430 2820 rege

52 2815 80 2866 ’ξ’
140 2827 250 2888 dyn.
276 2829 466 2885 XVIII,
503 2843 643 2887 quem
666 2828 905 2887 saepissime
938 2843 1043 2871 cum
1071 2830 1225 2887 primo
1265 2833 1429 2876 confu-

139 2915 240 2946 sum
264 2902 322 2945 ab
359 2900 683 2944 Ecclesiasticis
711 2914 803 2943 esse
835 2908 1028 2945 constat.
1064 2902 1167 2944 ,Iam
1208 2917 1353 2959 quum
1381 2904 1432 2946 in

51 2963 87 3012 :ff
139 2965 307 3019 Graecis
321 2966 507 3010 Eusebii
525 2965 621 3008 haec
637 2979 736 3008 non
751 2965 985 3024 legantur,
1008 2966 1058 3007 in
1074 2966 1260 3010 Canone
1277 2977 1430 3012 autem

59 3058 77 3096 g
140 3041 325 3085 Eusebii
348 3035 544 3084 Inachus
574 3047 763 3082 notetur
793 3038 850 3083 ad
880 3054 1054 3083 annum
1092 3040 1291 3087 Abrah.·
1311 3042 1394 3086 161
1415 3078 1427 3099 ‚

42 3111 80 3178 3Ῑ’
140 3103 330 3173 plurimi
342 3127 454 3156 vero
469 3111 691 3155 Inachum
710 3127 815 3155 cum
832 3112 991 3155 Amosi
1013 3126 1122 3171 rege
1140 3111 1251 3171 dyn.
1273 3114 1430 3159 XVIII

38 3184 54 3250 3
72 3209 85 3222 v‹
142 3192 426 3244 componant
446 3199 456 3226 ε
476 3184 673 3241 suspicio
694 3183 808 3226 oriri
823 3183 966 3241 possit
981 3183 1175 3242 glossam
1190 3184 1316 3228 illam
1334 3201 1430 3229 non

140 3259 199 3304 ab
234 3257 431 3302 Eusebio
469 3255 751 3315 profectam,
788 3255 870 3298 sed
903 3254 960 3298 ab
992 3255 1082 3298 alio
1119 3255 1325 3312 quodam
1359 3257 1425 3301 di—

31 3319 86 3402 {³²3
139 3345 270 3387 vjersa
286 3330 424 3389 plane
442 3329 492 3371 in
513 3343 660 3371 unum
683 3326 992 3386 conjungente
1019 3341 1112 3370 esse
1137 3326 1429 3387 adscriptam.

140 3401 315 3447 Verum
348 3401 468 3444 bene
494 3399 640 3442 sentio
679 3399 796 3441 nihil
825 3399 895 3441 his
929 3398 1100 3441 dirimi.
1139 3399 1242 3457 Ipse
1287 3401 1431 3458 Majus

141 3474 336 3519 Amessis
353 3486 528 3516 nomen
547 3486 652 3514 cum
665 3470 902 3514 notissimo
918 3470 1004 3513 isto
1016 3471 1170 3514 Amasi
1183 3471 1258 3514 vel
1273 3473 1358 3515 Am
1365 3474 1431 3517 osi

140 3545 494 3606 permutaverit3
509 3552 554 3587 et
566 3541 697 3586 firma
709 3543 883 3586 steterit
894 3543 1118 3586 sententia
1132 3543 1426 3588 Boeckhiana.

67 3618 70 3620 ’
142 3642 211 3660 -.
229 3619 331 3662 Jam
357 3631 503 3676 quum
521 3615 744 3659 Eusebius
764 3614 823 3658 ad
843 3630 920 3659 an.
946 3614 1121 3658 Abrah.
1162 3614 1246 3658 161
1277 3614 1428 3669 (1855

144 3705 188 3746 a.
210 3688 343 3749 Chr.)
366 3689 424 3733 de
447 3703 607 3748 regum
641 3688 923 3747 Argivorum
948 3686 1233 3744 temporibus
1272 3687 1430 3731 Casto-

143 3776 238 3823 'jem
254 3760 435 3816 laudet,
459 3761 637 3820 primus
654 3774 764 3804 vero
796 3759 957 3803 Inachi
980 3773 1126 3801 annus
1158 3773 1213 3802 ex
1234 3759 1431 3803 Castoris

146 3842 370 3892 computo
403 3849 501 3876 non
525 3832 659 3876 cadat
702 3833 752 3875 in
784 3846 956 3876 annum
996 3829 1142 3885 1855,
1164 3830 1244 3874 sed
1268 3831 1317 3874 in
1352 3846 1426 3875 an.

153 3905 273 3963 1776
296 3905 371 3948 vel
410 3909 530 3962 1774
573 3903 647 3965 (v,
674 3905 848 3949 Castor.
874 3903 933 3948 fr.
981 3898 1087 3963 11);
1121 3917 1207 3945 nec
1244 3903 1430 3947 aliunde

42 3978 56 3986 ”
71 3980 77 4032 j
146 3985 364 4036 appareat
382 3978 520 4036 ratio,
538 3978 685 4021 curin
704 3991 877 4020 annum
901 3973 1020 4019 1855
1039 3975 1327 4044 potissimum
1346 3978 1431 4019 Ar·

146 4050 360 4109 givorum
379 4049 508 4093 initia
536 4057 796 4108 ponantur3
821 4048 1059 4107 suspiceris
1081 4048 1232 4106 ipsum
1261 4047 1428 4091 Casto-

148 4135 243 4187 rem
260 4119 412 4180 (quem
424 4121 690 4180 AEgyptiaca
701 4120 926 4182 scripsisse
942 4117 1194 4179 frag-menta
1213 4117 1427 4178 arguunt)

1269 191 1654 241 FRAGMENTA
1663 231 1674 241 .

2615 203 2629 211 '
2685 213 2779 254 569

1512 297 1673 344 Inachi
1691 315 1861 344 annum
1879 303 2080 361 primum
2103 309 2412 365 composuisse
2429 324 2532 353 cum
2558 326 2681 356 anno
2710 315 2792 359 161
2834 355 2841 361 .

1513 371 1625 429 dyn.
1652 373 1784 428 XVI,
1818 373 1960 431 idque
1987 376 2235 421 Eusebium
2258 379 2317 422 ad
2340 396 2471 423 suum
2499 381 2558 425 de
2582 382 2800 441 dynastiis

1513 443 1738 502 AEgyptiis
1758 454 2029 503 computum
2051 451 2338 495 transtulisse.
2366 453 2434 495 Ex
2455 463 2677 512 computo
2696 459 2797 504 Vet.

1512 514 1730 560 Chronici
1745 531 1819 560 an.
1850 518 1968 574 1776
1994 533 2037 564 a.
2057 520 2106 565 C.
2126 521 2309 566 caderet
2328 524 2376 566 in
2393 524 2647 582 dynastiam
2662 529 2799 574 XVII

1513 582 1525 646 (
1551 585 1866 647 1851-1749
1881 588 1913 647 ),
1937 604 2078 647 quum
2105 591 2311 650 dynastia
2330 628 2341 649 ,
2361 595 2470 639 XVI
2493 598 2723 655 pertineat
2738 600 2799 644 ad

1511 670 1655 701 annos
1673 658 2010 711 2041—1852.
2034 663 2142 706 Haec
2175 664 2314 722 igitur
2337 667 2483 710 multo
2507 656 2657 712 minus
2680 684 2799 728 qua-

1511 727 1663 776 drant.
1684 732 1855 774 Mirum
1877 740 2025 776 tamen
2045 742 2110 777 est
2126 749 2262 778 aeram
2285 736 2525 794 Trojanam
2539 772 2553 793 ,
2575 755 2679 798 quae
2701 743 2793 786 Ve-

1513 801 1621 843 teris
1647 802 1865 846 Chronici
1895 805 2098 848 numeris
2117 805 2297 861 subest,
2324 807 2517 851 eandem
2541 811 2679 868 plane
2702 827 2814 856 esse.

1510 881 1647 931 atque
1683 876 1879 919 Castoris
1919 875 2071 935 (1208
2103 892 2145 923 a.
2170 878 2278 921 Chr.
2300 877 2312 937 )
2331 911 2343 932 ‚
2374 882 2581 938 quamvis
2613 884 2798 928 serioris

1509 946 1592 987 aevi
1628 948 1876 1005 scriptores
1909 947 2247 992 Alexandrinos
2287 957 2332 992 et
2365 949 2550 994 Judaeos
2586 961 2632 996 et
2663 955 2796 999 Chri·

1511 1018 1686 1062 stianos
1711 1028 1934 1077 quantum
1965 1021 2075 1063 novi
2099 1019 2160 1064 ad
2179 1036 2324 1063 unum
2348 1036 2506 1066 omnes
2528 1025 2797 1071 Eratosthe-

1507 1090 1610 1133 nica
1634 1105 1722 1134 aera
1751 1092 1819 1134 uti
1838 1091 2092 1137 videamus.
2111 1089 2264 1145 Quare
2286 1093 2440 1136 nescio
2463 1108 2521 1137 an
2541 1110 2637 1138 non
2657 1099 2794 1142 etiam

1508 1162 1556 1203 in
1604 1162 1795 1220 reliquis
1834 1163 2036 1207 Castorei
2084 1172 2329 1221 computus
2377 1166 2565 1224 vestigia
2606 1168 2795 1216 subsint.

1508 1233 1749 1278 Permittas
1779 1233 2103 1291 conjecturam.
2138 1234 2500 1279 Consentaneum
2531 1246 2598 1280 est
2630 1248 2798 1296 praeter

1507 1305 1859 1349 Eratosthenem
1900 1307 2037 1349 etiam
2078 1305 2191 1348 alios
2228 1307 2467 1362 exstitisse,
2518 1310 2597 1366 qui
2633 1312 2798 1354 seriem

1509 1375 1889 1436 chronologicam
1909 1392 1995 1436 per
2018 1378 2258 1420 Pastorum
2275 1386 2484 1436 tempora
2502 1382 2682 1424 nonnisi
2705 1397 2794 1428 sec.

1517 1447 1744 1507 dynastias
1783 1451 2050 1508 principum
2093 1452 2405 1508 AEgyptiormn
2449 1454 2794 1511 constituerint,

1506 1530 1743 1578 pastorum
1767 1523 2032 1565 nominibus
2048 1523 2269 1579 annisque
2286 1531 2363 1565 aut
2377 1525 2551 1568 omissis
2568 1526 2703 1583 plane
2718 1536 2797 1571 aut

1503 1591 1638 1649 juxta
1659 1594 1832 1651 positis.
1851 1594 1923 1637 Sic
1937 1593 2090 1637 fecisse
2112 1595 2247 1638 etiam
2278 1609 2382 1637 eum
2408 1595 2605 1652 conjicio
2628 1612 2683 1641 ex
2702 1613 2795 1656 quo

1506 1659 1641 1707 fluxit
1663 1674 1907 1724 computus
1924 1665 2141 1723 Chronici
2164 1666 2346 1711 Veteris.
2370 1666 2612 1724 Ejiciamus
2637 1670 2794 1729 igitur,

1507 1749 1650 1794 quam
1683 1751 1823 1780 unam
1851 1737 2007 1780 intulit
2023 1739 2048 1780 J
2054 1738 2208 1781 udaeus
2225 1771 2236 1792 ‚
2260 1739 2501 1782 Pastorum
2539 1740 2791 1798 dynastiam

1505 1807 1636 1851 XVII
1658 1823 1886 1852 annorum
1921 1809 2027 1852 103.
2065 1811 2167 1866 Quo
2193 1809 2389 1854 admisso
2405 1844 2416 1866 ,
2454 1826 2599 1855 annus
2621 1814 2797 1871 primus

1507 1878 1723 1937 dynastiae
1742 1882 1852 1925 XVI
1872 1896 1970 1924 non
1991 1882 2186 1940 amplius
2215 1891 2279 1925 est
2313 1888 2402 1935 204
2416 1898 2434 1926 1
2451 1916 2463 1938 ‚
2501 1883 2582 1927 sed
2605 1883 2724 1942 1938
2748 1901 2789 1929 a.

1507 1951 1614 1995 Chr.
1638 1954 1785 2012 Igitur
1804 1969 1949 1996 annus
1975 1953 2057 1996 161
2088 1954 2196 2012 dyn.
2211 1954 2319 1998 XVI
2333 1989 2346 2010 ,
2370 1957 2450 2012 qui
2469 1957 2645 2014 primus
2660 1956 2794 2001 fuisse

1508 2024 1669 2067 Inachi
1695 2024 1881 2078 dicitur,
1910 2034 1975 2068 est
2002 2024 2140 2081 1778.
2174 2027 2269 2068 Nos
2292 2040 2349 2068 ex
2372 2026 2554 2071 Castore
2571 2036 2793 2086 supputa-

1505 2110 1604 2138 mus
1627 2110 1697 2139 an.
1726 2096 1863 2152 1776.
1883 2096 2157 2140 Differentia
2179 2098 2255 2140 vix
2275 2098 2545 2155 premenda.
2564 2123 2629 2132 —
2645 2100 2792 2143 Porro

1505 2168 1736 2212 Inachidis
1774 2170 1933 2214 Castor
1960 2170 2120 2212 tribuit
2136 2184 2280 2213 annos
2307 2168 2415 2222 380,
2441 2171 2521 2227 qui
2541 2173 2794 2216 accuratius

1503 2241 1753 2284 revocandi
1773 2251 1878 2285 sunt
1900 2242 1959 2285 ad
1979 2257 2122 2285 annos
2147 2240 2237 2297 378
2268 2240 2320 2300 (6
2337 2251 2376 2290 Χ
2393 2241 2450 2285 63
2470 2241 2504 2302 ).
2527 2243 2794 2301 Sequuntur

1505 2311 1672 2356 deinde
1695 2313 1928 2357 Danaidae.
1963 2315 2174 2357 Danaum
2207 2328 2318 2356 vero
2344 2329 2434 2358 sec.
2460 2315 2789 2359 Manethonem

1503 2385 1690 2444 Iosephi
1709 2385 1909 2445 AEgypto
1931 2385 2063 2442 ejecit
2085 2386 2246 2429 Sethos
2269 2387 2362 2429 sive
2380 2385 2518 2429 frater
2543 2388 2788 2446 AEgyptus‚

1502 2457 1678 2514 primus
1700 2472 1781 2500 rex
1793 2457 2157 2516 dynastianIX.
2170 2458 2196 2500 J
2199 2472 2271 2500 am
2283 2457 2499 2501 Chronici
2510 2459 2608 2502 Vet.
2626 2467 2790 2503 auctor

1504 2537 1546 2572 et
1557 2529 1778 2573 Eusebius
1795 2529 2009 2588 dynastiae
2024 2529 2181 2573 XVIII
2202 2529 2410 2572 tribuunt
2421 2544 2563 2572 annos
2586 2529 2693 2584 348,
2710 2532 2791 2588 qui

1499 2599 1649 2658 juncti
1660 2601 1846 2661 triginta
1862 2602 1991 2645 annis
1999 2601 2243 2660 postremis
2256 2599 2470 2658 dynastiae
2481 2601 2792 2645 antecedentis

1508 2671 1757 2733 (161-190)
1779 2689 2003 2717 summam
2043 2671 2249 2716 efficiunt
2276 2687 2504 2715 annorum
2531 2671 2621 2728 378
2640 2707 2651 2727 ‚
2675 2675 2784 2731 qui-

1503 2746 1589 2807 bus
1611 2761 1822 2805 regnasse
1846 2745 2087 2789 Inachidas
2110 2745 2270 2789 Castor
2289 2745 2460 2790 statuit.
2504 2745 2607 2803 Ipse
2647 2746 2789 2788 Euse—

1503 2818 1607 2861 bius
1629 2819 1694 2877 ita
1711 2827 1909 2862 statuere
1950 2833 2048 2860 non
2085 2817 2262 2875 potuit,
2292 2831 2435 2874 quum
2476 2817 2792 2874 interpositam

1504 2890 1671 2934 habeat
1685 2891 1926 2933 Pastorum
1951 2889 2205 2948 dynastiam
2230 2903 2336 2931 cum
2353 2888 2483 2931 annis
2508 2887 2614 2933 103.
2637 2889 2791 2945 Quare

1503 2963 1715 3006 Danaum
1738 2961 1846 3006 facit
1867 2976 2025 3021 regem
2059 2960 2291 3004 decimum
2324 2969 2541 3018 quartum
2574 2959 2790 3019 dynastiae

1504 3034 1678 3080 XVIII.
1700 3033 1768 3078 Cf.
1785 3033 1905 3076 infra
1920 3033 1980 3076 ad
1996 3032 2105 3091 dyn.
2125 3033 2300 3078 XVIII.

1713 3146 1945 3191 DECIMA
1978 3146 2235 3190 SEPTIMA
2267 3141 2587 3189 DYNASTIA.

2116 3258 2141 3305 [1
2150 3267 2174 3308 7
2182 3285 2194 3297 ·

1879 3358 1999 3404 SEC.
2037 3356 2414 3402 AFRICANUM.

1572 3468 1768 3528 Syncell.
1792 3482 1841 3526 p.
1857 3465 1936 3522 61,
1956 3467 1990 3511 C
2010 3482 2021 3510 :
2049 3460 2428 3518 Ἑπτακαιδεκάτη
2453 3457 2672 3505 δυναστεία
2695 3475 2786 3503 ποι-

1507 3538 1627 3602 μένες
1659 3537 1782 3584 ἄλλοι
1811 3537 1998 3601 βασιλεῖς
2024 3535 2096 3598 μγ’
2120 3533 2194 3582 καὶ
2214 3533 2403 3592 Θηὸαῖοι
2419 3531 2487 3595 [ἢ]
2511 3529 2787 3576 Διοσπολῖται

1506 3609 1596 3674 μγῗ

1572 3682 1712 3745 Ὁμοῦ
1744 3683 1783 3728 οἱ
1802 3678 2001 3742 ποιμένες
2033 3677 2107 3726 καὶ
2128 3679 2166 3725 οἱ
2196 3676 2383 3735 Θηὸαῖοι
2411 3671 2689 3719 ἐδασίλευσαν
2710 3668 2784 3726 ἔτη

1506 3753 1616 3819 ρνα’.

1568 3830 1767 3873 Bunsen.
1800 3841 1810 3869 :
1837 3846 1857 3865 «
1882 3827 1991 3870 Haec
2015 3832 2235 3882 corrupta
2259 3835 2349 3865 esse
2372 3831 2508 3862 nemo
2533 3814 2783 3867 dubitabit,

1504 3901 1590 3945 nisi
1610 3900 1691 3958 qui
1705 3898 2063 3943 Manethoniana
2079 3910 2171 3940 esse
2194 3891 2440 3953 putaverit,
2460 3888 2565 3946 quia
2588 3885 2782 3930 absurda

1503 3974 1607 4017 sint.
1628 3966 1803 4016 Locum
1819 3971 1881 4014 sic
1898 3970 1993 4014 fere
2015 3965 2346 4013 restituendum
2371 3975 2461 4005 esse
2485 3960 2531 4001 in
2551 3957 2671 3999 libro
2687 3965 2782 3999 ter-

1505 4046 1572 4089 tio
1593 4043 1864 4088 docebimus
1889 4055 1900 4087 τ

1575 4110 1955 4168 Ἓπτακαιδεκᾶτη
1988 4106 2230 4156 δυναστεία.
2276 4099 2480 4164 ΙΙοιμένες
2504 4098 2624 4144 ἄλλοι
2653 4099 2778 4163 3²⁶².-
