3016 4628
1206 330 1629 380 FRAGMENTA.

113 438 350 492 inferiores
370 439 613 504 potuerint
633 439 821 484 diaetetis
842 439 1067 482 committi
1085 472 1096 493 ‚
1124 447 1222 482 tum
1243 440 1395 483 eidem

0 495 2 571 l
116 509 392 571 respondet,
442 506 574 567 quod
617 503 922 564 quadraginta
962 503 1050 546 viri
1095 504 1189 547 sive
1230 505 1396 563 pagani

106 581 289 640 judices
309 582 411 626 lites
424 613 437 636 ‚
456 594 556 638 quae
575 584 725 622 essent
744 575 906 620 decem
923 574 1154 619 drachmis
1172 577 1397 631 minores,

114 653 202 713 ipsi
232 650 528 710 judicabant,
569 661 671 706 quae
707 644 910 703 majores
952 654 1124 701 essent,
1162 645 1399 703 judicibus

0 774 2 777 ,
114 724 360 771 heliasticis
365 719 642 780 judicandas
663 717 957 774 deferebant3
981 718 1045 762 ita
1065 719 1191 761 enim
1214 726 1260 762 et
1279 719 1394 763 Lex.

0 783 3 790 „
113 797 252 842 Rhet.
270 811 319 855 p.
344 793 457 851 306,
477 789 533 836 15
558 806 569 835 ε
596 785 975 851 τεσσαράκοντα...
999 786 1103 850 πρὸς
1127 786 1196 841 οὒς
1223 789 1268 834 αἱ
1289 786 1400 834 ἴδιαι

0 817 7 924 l
116 865 232 914 δίκαι
255 862 542 928 ἐλαγχάνοντο
557 859 633 908 καὶ
655 857 710 906 τὰ
739 859 925 922 [111311111
950 860 1013 908 ἐλ.
1040 859 1114 923 αἱ]
1142 857 1272 924 μέχρι
1293 858 1398 906 δέκα

113 1013 200 1061 τοῖς
223 1007 444 1058 δικασταῖς
466 1002 770 1070 παρεδίδοσαν.
803 1005 862 1050 Id
890 1007 1014 1050 enim
1037 1007 1193 1050 verius
1214 1005 1403 1050 videtur

114 1081 313 1127 Pollucis
348 1075 641 1135 narratione,
684 1078 766 1137 qui
800 1079 936 1134 VIII,
978 1094 1067 1123 1oo
1103 1078 1263 1123 scribit
1299 1094 1311 1122 ι
1346 1078 1402 1124 Οἳ

112 1149 343 1217 περιιόντες
366 1148 478 1197 κατὰ
496 1147 656 1211 δήμους
683 1147 738 1195 τὰ
755 1148 886 1214 μέχρι
910 1149 1116 1213 δραχμῶν
1134 1148 1239 1195 δέκα
1261 1148 1403 1195 ἐδίκα-

0 1238 13 1296 1
106 1226 197 1286 ζον,
221 1220 276 1270 τὰ
299 1223 336 1269 δ’
362 1221 471 1288 ὑπὲρ
491 1226 630 1268 ταῦτα
651 1221 970 1279 διαιτηταῖς
993 1221 1299 1287 παρεδίδοσαν,
1317 1224 1405 1266 11151

3 963 10 1160 γ
40 926 43 927 ⁷
115 937 334 1002 δραχμῶν,
367 932 423 982 τὰ
445 933 631 997 [111311111
659 929 759 989 τὰς]
791 931 826 978 δ’
861 929 967 996 ὑπὲρ
1000 935 1123 979 τοῦτο
1153 930 1201 978 τὸ
1229 930 1423 993 τίμημα

8 1298 11 1307 ”
68 1341 78 1350 ,
111 1297 253 1345 mavis
282 1297 470 1355 utrique
494 1295 694 1340 reddere
727 1312 737 1340 ε
767 1294 853 1347 τοῖς
875 1293 1167 1347 δικασταῖς
1193 1292 1221 1350 ἢ
1262 1293 1406 1339 διαι-
1430 1342 1434 1348 ,

111 1370 304 1427 τηταῒς
323 1366 635 1433 παραδιδόασιν
662 1366 1018 1433 (παρεδίδοσαν).
1042 1370 1116 1414 Sic
1140 1370 1278 1413 etiam
1290 1371 1403 1415 Lex.

110 1443 250 1489 Rhet.
291 1442 383 1487 310
398 1476 411 1499 ,
448 1458 504 1486 21
537 1457 549 1488 ε
584 1438 663 1494 ἕως
698 1440 799 1487 δέκα
834 1441 1045 1505 δραχμῶν
1072 1438 1264 1493 ἐδίκαζον
1293 1436 1407 1485 κατὰ

115 1511 289 1574 δήμους.
331 1515 460 1559 Ν11111
495 1524 649 1559 31116111
689 1514 994 1559 tribuendum
1026 1522 1093 1557 est
1130 1515 1320 1557 Zonarae
1356 1527 1404 1559 v,

113 1583 342 1643 Διαιτηταί
359 1600 371 1633 :
392 1587 430 1631 οἵ
448 1585 645 1649 ὑπεράνω
664 1587 748 1631 τῶν
768 1603 860 1631 πεν
875 1583 939 1641 τή
955 1602 1110 1630 κοντα
1127 1582 1407 1644 νομισμάτων

91 1669 94 1671 ’
114 1655 233 1710 δίκας
260 1656 470 1720 κρίνοντες
494 1658 550 1709 ὣς
567 1648 675 1703 εἶναι
699 1655 794 1709 τοὺς
815 1653 1037 1712 διαιτητὰς
1065 1653 1288 1716 μεγίστους
1311 1672 1408 1718 κρι-

112 1727 202 1787 τάς,
219 1745 374 1789 neque
399 1731 562 1774 tribuit
574 1731 617 1774 ei
647 1729 906 1788 quidquam
943 1722 1410 1772 [ludtwalckerusDe

76 1807 95 1826 ³
114 1803 300 1849 arbitris
313 1818 364 1862 p.
383 1801 461 1862 39,
481 1816 763 1861 quamquam
781 1801 839 1845 de
854 1801 1063 1860 pecuniae
1080 1815 1274 1855 summa,
1289 1799 1410 1844 infra

93 1889 255 1935 ‚quam
279 1874 380 1918 lites
404 1874 590 1918 arbitris
601 1873 800 1933 publicis
825 1871 1137 1931 disceptandae
1159 1872 1251 1915 sint
1272 1871 1406 1927 datae,

96 1945 503 2006 ,fludtwalckerus
531 1944 590 1988 ab
615 1959 669 1988 ea
688 1944 913 1988 sententia
935 1943 1235 1987 vehementer
1261 1942 1411 1986 disce-

105 2016 210 2075 dit,
235 2032 376 2076 quam
398 2018 496 2077 ipse
531 2015 677 2060 modo
706 2014 940 2075 professus
971 2023 1053 2059 est.
1097 2035 1117 2056 n
1150 2025 1212 2049 -'-
1248 2016 1305 2058 In
1339 2030 1407 2058 se-

25 2134 29 2138 .
113 2089 364 2151 mentibus
401 2100 503 2149 quae
546 2088 678 2132 uncis
721 2087 1115 2144 intercluduntur,
1157 2087 1372 2146 suppleta
1395 2122 1407 2144 ,

89 2159 204 2223 alia
224 2169 434 2206 correcta
469 2167 576 2205 sunt
601 2159 660 2203 ab
694 2160 894 2204 Meiero.
927 2159 1089 2205 Codex
1114 2175 1124 2203 ε
1236 2156 1408 2219 ἡμέραν

35 2280 38 2283 ,
87 2227 202 2283 -ιῧῦκ
226 2229 427 2279 ἀπάντων
457 2228 533 2284 τὰς
564 2227 651 2287 ὅπη
688 2227 916 2288 δύνοντας,
951 2240 998 2276 61
1031 2246 1144 2275 111οΧ
1193 2247 1202 2275 :
1232 2228 1344 2276 ὥστε
1367 2228 1409 2284 ἐξ

75 2302 188 2362 ‚32:53⁹
223 2305 366 2368 ἀρχῶν
392 2301 619 2367 ἀκέραιον;
643 2304 755 2349 dein
788 2317 799 2350 :
826 2305 853 2359 ἡ
886 2302 1101 2360 ἀντίληξις
1133 2300 1264 2355 οὕτως
1290 2303 1409 2348 ἀντι-

75 2378 320 2447 λαχεῖν.
333 2371 441 2430 ὅλως
461 2377 510 2423 ἐκ
532 2376 616 2421 τῶν
636 2373 794 2437 λόγων.
814 2379 886 2422 De
906 2387 1142 2436 postrema
1160 2377 1255 2420 loci
1279 2385 1412 2434 parte

26 2479 28 2482 ⁴
64 2449 190 2519 ,affl
218 2451 416 2496 Meierus
469 2449 663 2509 exponit
716 2463 727 2496 :
774 2471 792 2488 «
840 2450 1133 2508 Quicumque
1178 2448 1236 2493 ab
1281 2448 1412 2492 arbi-

67 2502 202 2595 {istis
227 2522 524 2568 condemnati
551 2530 726 2577 essent,
756 2522 811 2565 iis
831 2520 1064 2580 judicium
1086 2522 1161 2576 τῆς
1187 2518 1248 2581 μὴ
1281 2517 1410 2573 οὔσης

34 2593 39 2649 ζ
85 2600 217 2669 ’λζ-’11011
244 2610 372 2640 560115
403 2595 620 2650 dabatur,
651 2603 791 2653 atque
821 2595 900 2650 iis,
943 2596 1025 2653 qui
1059 2595 1118 2638 ab
1154 2594 1411 2638 helias-eicis

34 2663 39 2672 ⁵
69 2662 345 2727 &jndicibus
367 2667 583 2712 absentiae
606 2668 800 2711 nomine
825 2666 1223 2722 (13111113116556111,
1242 2666 1278 2710 si
1296 2664 1413 2722 inju-

31 2763 33 2803 j
83 2738 340 2806 yffiamsibi
369 2739 536 2785 factam
568 2739 892 2799 opinarentur,
925 2735 1002 2794 τὴν
1028 2735 1194 2801 ἐρήμην
1238 2737 1412 2782 ἀντιλα-

32 2827 34 2830 ·
88 2805 212 2895 §.lix-“²⁵⁹
237 2811 597 2858 concedebatur.
624 2810 766 2870 Quod
795 2811 958 2871 igitur,
993 2812 1075 2870 qui
1097 2812 1174 2855 11ίο
1201 2825 1413 2854 001111116-

34 2909 36 2956 i
98 2891 377 2950 [parantum
409 2886 622 2929 nonnulli
651 2880 729 2939 τὴν
758 2880 818 2943 μὴ
844 2873 973 2928 οὖσαν
1005 2884 1147 2943 plane
1185 2892 1415 2944 negarunt

90 2964 262 3049 &atque
292 2957 365 3003 de-
381 2958 620 3002 actionum
641 2971 840 3001 numero
866 2956 1075 3000 funditus
1100 2957 1383 3000 sustulerunt
1398 2990 1410 3012 ,

36 3053 38 3086 t
83 3027 176 3093 931
193 3044 251 3075 ex
272 3030 496 3074 sententia
517 3029 656 3088 hujus
687 3029 978 3090 grammatici
998 3029 1061 3072 sic
1086 3027 1415 3088 explicandum

83 3108 169 3155 JK:
216 3135 217 3138 ,
234 3101 365 3161 quod
380 3117 487 3146 011111
506 3102 691 3146 arbitris
708 3102 899 3146 sublatis
915 3116 967 3146 ea
985 3116 1175 3160 quoque
1195 3101 1315 3144 actio
1330 3116 1415 3160 per

98 3227 155 3243 ἱ
190 3206 196 3210 -
237 3173 472 3227 etudinem
494 3174 718 3235 abrogata
742 3182 824 3218 est.
844 3175 1008 3232 Itaque
1031 3173 1172 3218 docet
1184 3173 1260 3216 hic
1284 3173 1415 3217 locus

85 3292 89 3301 .
138 3244 156 3305 λ’
190 3244 406 3290 'trorum
437 3261 606 3290 munus
634 3254 1005 3306 potestatemque
1031 3244 1307 3304 aliquando,
1342 3245 1413 3289 id-

44 3352 45 3360 ,
116 3336 205 3371 ,Μον
228 3317 435 3376 ¹reliquis
456 3317 637 3378 legibus
660 3327 706 3363 et
735 3318 922 3376 judiciis
945 3318 1298 3363 Atheniensium
1336 3331 1411 3360 su-

79 3455 236 3526 ·
250 3459 312 3505 do
337 3461 388 3506 id
409 3461 649 3507 acciderit.
674 3462 816 3521 Quod
840 3478 954 3507 vero
974 3464 1023 3506 in
1045 3461 1139 3506 fine
1159 3462 1415 3506 enarratio-

50 3583 52 3599 ,
125 3527 187 3576 7⁵2³
206 3533 408 3592 posstum
432 3543 520 3591 est,
536 3536 709 3580 rectius
723 3544 877 3580 autem
901 3544 1017 3580 esset
1035 3543 1141 3579 ante
1164 3533 1260 3579 κατ’
1283 3530 1415 3584 ἐνίους

50 3636 53 3678 3
99 3604 136 3667 ᾗς
150 3624 172 3648 2⁴-
202 3653 206 3663 :
219 3613 416 3664 ocatum,
432 3603 529 3662 ἐξῆν
549 3604 593 3652 δὲ
613 3605 944 3670 ἀντιλαγχάνειν
963 3603 1077 3658 ἐντὸς
1099 3606 1273 3666 ἡμερῶν
1287 3602 1389 3650 δέκα
1402 3639 1413 3661 ,

51 3679 55 3734 Ξ
142 3696 235 3720 ων·
261 3676 402 3722 tradit
421 3687 467 3723 et
483 3679 676 3724 Photius
697 3695 749 3740 p.
779 3679 889 3736 267,
914 3696 967 3737 17
989 3695 1033 3723 v.
1054 3675 1131 3734 Μὴ
1157 3669 1263 3723 οῧσα
1283 3674 1379 3733 δίκη
1401 3692 1411 3720 :

54 3789 57 3819 5
207 3779 210 3782 -
247 3745 308 3795 Δδὲ
325 3751 498 3813 ἡμερῶν
521 3749 624 3797 δέκα
648 3749 745 3808 ἐξῆν
760 3751 911 3815 λαχεῖν
933 3749 1010 3807 τὴν
1037 3748 1098 3813 μὴ
1124 3741 1254 3796 οὖσαν
1275 3747 1412 3805 δίκην,

55 3822 59 3870 ξ
92 3823 122 3876 z.
175 3886 178 3888 μ
211 3814 239 3864 ὰ
253 3817 297 3866 δὲ
307 3818 466 3875 ταύτας
485 3820 644 3885 οὐκέτι,
659 3834 721 3882 61,
738 3826 821 3884 qui
838 3833 1044 3884 utroque
1063 3825 1230 3868 melior
1251 3832 1415 3867 auctor

56 3957 60 3964 ἢ
168 3944 171 3950 ,
196 3922 223 3965 ,¹2
243 3888 411 3954 Pollux
432 3896 544 3942 VIII
559 3929 573 3952 ,
593 3896 677 3952 60,
701 3897 786 3941 ubi
807 3912 897 3956 pro
917 3893 1012 3951 ἐξῆν
1037 3893 1152 3947 ἐντὸς
1178 3894 1278 3940 δέκα
1303 3895 1411 3953 ἡμε-

731 4037 799 4077 12.

64 4151 66 4153 ,
269 4098 442 4141 ecimviri
468 4104 583 4152 sunt,
606 4113 780 4153 quorum
799 4104 943 4154 singuli
972 4115 994 4143 e
1027 4103 1189 4152 singulis
1221 4103 1417 4151 eliguntur

62 4160 68 4196 ἶ
107 4173 126 4220 Ῐ;
235 4160 518 4218 bu8,ipsisque
546 4168 674 4209 scriba
692 4168 990 4208 adnumeratus.
1013 4167 1240 4208 Secundum
1270 4169 1415 4206 Deme·

67 4261 71 4305 ι,
112 4267 169 4310 Q
183 4293 186 4300 .
202 4219 500 4271 319113161611111
522 4232 829 4283 nomophylaces
847 4230 1091 4272 denominati
1113 4231 1222 4270 sunt.

11 3386 21 3413 ⁷·
46 3415 47 3418 =
87 3381 189 3455 ‘'1:st
249 3389 402 3446 tibus,
429 3405 523 3435 esse
542 3390 794 3446 sublatam,
820 3405 1105 3449 quamquam
1124 3405 1224 3433 non
1243 3389 1410 3444 docet,
1443 3387 1449 3395 '

2654 353 2745 395 365

1474 443 1556 503 ρῶν
1581 439 1658 496 τὴν
1689 439 1748 500 μὴ
1777 433 1906 487 οὖσαν
1940 443 2209 508 ἀντιγράφειν
2243 451 2550 508 rescripserim
2576 452 2748 497 ἀντιλα-

1471 513 1576 574 χεῖν.
1602 516 1661 557 115
1687 515 1824 572 igitur
1857 517 1936 573 qui
1972 517 2029 559 ab
2062 518 2244 562 arbitris
2274 530 2466 579 propter
2506 522 2737 568 desertum

1472 578 1790 622 vadimonium
1823 580 2119 624 condemnati
2156 592 2327 640 essent,
2377 585 2535 629 decem
2570 595 2747 632 tantum

1473 649 1571 693 dies
1597 650 1996 706 concedebantur,
2034 653 2149 696 intra
2182 669 2299 711 quos
2329 656 2380 698 iis
2413 659 2755 714 permitteretur

1473 722 1527 783 τῇ
1565 717 1626 778 μὴ
1657 717 1764 783 οὔσῃ
1804 723 1899 778 uti;
1931 722 2055 766 idem
2089 723 2274 767 dierum
2310 740 2527 771 numerus
2569 731 2645 786 iis,
2675 733 2757 790 qui

1476 795 1744 838 testularum
1768 794 1950 851 judicio
1974 795 2270 839 condemnati
2289 806 2457 852 essent,
2485 803 2752 857 praescribe-

1475 865 1629 921 batur,
1659 867 1779 910 intra
1804 881 1944 925 quem
1969 867 2088 911 urbe
2111 868 2408 914 excederent.
2443 871 2533 927 Qui
2563 888 2673 916 vero
2703 875 2760 917 ab

1473 937 1707 995 judicibus
1737 938 1982 983 heliasticis
2008 939 2216 984 absentes
2258 940 2555 985 condemnati
2592 954 2760 999 essent,

1476 1011 1546 1055 his
1584 1011 1786 1071 legitima
1814 1020 1914 1055 erat
1948 1011 2154 1056 duorum
2187 1013 2413 1056 mensium
2450 1017 2762 1075 praescriptio,

1478 1085 1598 1127 intra
1622 1099 1739 1142 quos
1761 1084 1815 1127 iis
1837 1084 2006 1129 licebat
2031 1080 2109 1141 τὴν
2135 1081 2299 1147 ἐρήμην
2325 1084 2588 1147 ἀντιλαχεῖν.
2617 1109 2635 1126 υ

2088 1185 2161 1217 12.

1545 1258 1711 1301 Pollux
1730 1259 1866 1315 VIII,
1899 1273 1987 1302 102
2025 1274 2035 1302 ε
2060 1258 2125 1304 Οἱ
2151 1253 2367 1314 ἕνδεκα,
2394 1247 2453 1310 εἷς
2483 1256 2552 1320 ἀφ’
2589 1256 2769 1315 ἑκάστης

1482 1329 1616 1393 φυλῆς
1640 1327 1853 1390 ἐγίγνετο,
1874 1327 1948 1374 καὶ
1971 1326 2253 1393 γραμματεὺς
2281 1329 2424 1381 αὐτοῖς
2445 1332 2742 1392 συνηριθμεῖτο
2757 1348 2767 1357 ·

1480 1399 1776 1464 νομοφύλακες
1803 1398 1847 1446 δὲ
1874 1398 1987 1446 κατὰ
2018 1399 2091 1446 τὸν
2116 1398 2332 1463 Φαληρέα
2358 1399 2768 1461 μετωνομάσθησαν.

1489 1499 1551 1508 —
1576 1473 1722 1518 Addit
1754 1488 1766 1519 ε
1800 1471 2122 1533 Ἐπεμελοῦντο
2147 1470 2190 1518 δὲ
2214 1474 2298 1518 τῶν
2323 1472 2364 1517 ἐν
2389 1474 2450 1534 τῷ
2473 1473 2772 1538 δεσμωτηρίῳ,

1485 1543 1560 1591 καὶ
1586 1545 1755 1605 ἀπῆγον
1791 1542 2009 1598 κλέπτας,
2041 1542 2406 1607 ἀνδραποδιστὰς,
2436 1543 2707 1603 λωποδύτας,
2736 1547 2773 1591 εἷ

1485 1614 1562 1677 μὲν
1583 1614 1828 1676 ὁμολογοῖεν
1847 1613 2183 1669 θανατώσοντες·
2213 1616 2250 1661 εἰ
2271 1614 2314 1661 δὲ
2339 1614 2399 1677 μὴ
2418 1652 2432 1677 ,
2458 1615 2694 1671 εἰσάξοντες
2714 1619 2770 1670 εἰς

1484 1685 1538 1733 τὰ
1577 1686 1859 1751 δικαστήρια,
1897 1685 1977 1734 κᾶν
2015 1687 2193 1746 ἁλῶσιν,
2232 1689 2574 1743 ἀποκτενοῦντες.
2598 1692 2688 1737 Τοῦ
2722 1690 2766 1735 δὲ

1485 1757 1800 1823 νομοφυλακίου
1824 1758 1930 1823 θύρα
1955 1758 2032 1822 μία
2052 1759 2287 1824 χαρωνεῗον
2313 1761 2533 1824 ἐκαλεῖτο,
2558 1761 2610 1807 δι’
2630 1754 2680 1819 ἧς
2696 1761 2772 1817 τὴν

1486 1831 1558 1879 ἐπὶ
1582 1830 1753 1896 θανάτῳ
1780 1831 2014 1895 ἀπήγοντο.

1556 1903 1682 1952 Κατὰ
1696 1904 1767 1951 τὸν
1795 1904 2036 1970 Φαληρέα]
2054 1910 2107 1953 V.
2124 1904 2282 1952 Meier.
2304 1908 2351 1951 in
2367 1917 2526 1952 annot.
2547 1908 2604 1953 ad
2620 1908 2674 1955 fr.
2701 1925 2771 1956 10.

1485 2005 1550 2012 -
1585 1976 1912 2040 νομοφύλακας]
1959 1981 2110 2024 Aliter
2153 1980 2300 2024 schol.
2345 1981 2583 2040 Aristoph.
2634 1983 2771 2041 Vesp.

1493 2051 1614 2096 1108
1646 2066 1657 2098 :
1685 2052 1749 2099 Οἱ
1780 2049 1996 2097 ἕνδεκα·
2034 2049 2210 2115 ἐτήρουν
2250 2047 2335 2096 οἵδε
2372 2049 2467 2103 τοὺς
2505 2050 2765 2111 δεδεμένους·

1487 2115 1601 2170 οὗτοι
1639 2122 1683 2170 δὲ
1724 2127 1796 2171 νῦν
1840 2122 2258 2187 θεσμοφύλακες
2294 2124 2542 2170 καλοῦνται.
2594 2123 2649 2170 Ἡ
2679 2127 2762 2170 τῶν

1488 2193 1636 2242 ἕνδεκα
1663 2194 1776 2261 ἀρχὴ
1797 2194 1895 2249 τοὺς
1910 2194 1987 2257 μὲν
2011 2197 2320 2258 ὁμολογοῦντας
2341 2194 2415 2241 καὶ
2437 2195 2774 2259 ἀνδραποδιστὰς

1487 2267 1562 2314 καὶ
1584 2267 1835 2322 λωποδύτας
1855 2267 2024 2331 θανάτῳ
2044 2267 2272 2325 ἐκόλαζον,
2306 2266 2400 2320 τοὺς
2424 2266 2467 2313 δὲ
2493 2266 2772 2331 ἀρνουμένους

1488 2341 1546 2394 εἰς
1580 2339 1853 2404 δικαστήριον
1890 2341 2074 2402 εἰσῆγον.
2112 2341 2336 2384 Proclivis
2363 2340 2628 2398 conjectura
2661 2350 2775 2384 esset

1487 2430 1577 2473 pro
1618 2413 1940 2477 θεσμοφύλακες
1974 2413 2278 2457 scribendum
2310 2428 2401 2457 esse
2425 2409 2771 2475 δεσμοφύλακες,

1490 2488 1576 2531 nisi
1621 2487 1826 2532 obstaret
1860 2487 2097 2546 geminum
2129 2482 2436 2546 νομοφυλάκων
2470 2485 2768 2528 vocabulum.

1428 2574 1431 2580 ¹
1488 2559 1813 2619 Distinguendi
1845 2559 1986 2618 igitur
2033 2558 2082 2601 hi
2117 2558 2478 2616 nomophylaces
2508 2557 2565 2600 ab
2597 2564 2772 2615 septem

1491 2631 1503 2692 (
1526 2633 1601 2676 vel
1618 2647 1702 2675 sex
1724 2647 1814 2676 sec.
1842 2632 2066 2675 Meierum
2085 2629 2098 2690 )
2125 2630 2564 2688 nomophylacibus,
2587 2628 2645 2672 de
2667 2630 2772 2687 qui-

1488 2706 1576 2749 bus
1602 2706 1766 2748 Pollux
1787 2705 1899 2749 VIII
1914 2738 1926 2759 ,
1948 2710 2026 2762 94,
2046 2711 2091 2746 et
2114 2701 2275 2746 Suidas
2297 2717 2333 2744 5.
2359 2717 2402 2747 v,
2433 2710 2481 2745 et
2500 2703 2608 2744 Lex.
2633 2701 2768 2745 Rhet.

1489 2779 1539 2821 in
1578 2777 1797 2837 Append.
1840 2777 1900 2821 ad
1939 2776 2158 2820 Photium
2188 2790 2237 2833 p.
2269 2772 2392 2830 673,
2432 2772 2519 2832 23,
2554 2761 2775 2816 ubi'vide

1491 2852 1730 2896 Meiermn.
1770 2852 1877 2895 Non
1906 2847 2258 2908 distinguendos
2295 2862 2388 2891 esse
2421 2847 2672 2905 suspicatus
2708 2854 2774 2889 est

1490 2924 1750 2979 Ulrichius‚
1815 2922 2112 2983 improbante
2156 2920 2466 2965 Schoemanno
2513 2919 2631 2963 Hist.
2677 2917 2773 2975 jur.

1491 2997 1625 3056 publ.
1654 3012 1704 3056 p.
1738 3011 1847 3055 299,
1876 3011 1925 3039 n.
1949 2994 1992 3038 3.
2019 2994 2234 3038 Ceterum
2267 2992 2326 3036 de
2354 2991 2694 3037 Undecimviris
2724 3007 2768 3033 v.

1491 3070 1786 3114 Schoemann.
1812 3069 1843 3112 1.
1870 3068 1903 3114 l.
1925 3083 1972 3126 p.
2003 3066 2114 3118 246.

1557 3140 1637 3186 His
1654 3141 1848 3199 subjicio
1863 3141 1950 3183 alia
1975 3138 2208 3198 quaedam,
2234 3151 2339 3196 quae
2351 3136 2433 3180 etsi
2456 3151 2552 3179 non
2565 3150 2620 3179 ex
2635 3135 2777 3178 histo-

1489 3215 1596 3259 ricis
1615 3213 1744 3258 libris
1762 3213 2018 3271 desumpta,
2032 3211 2091 3255 ad
2108 3210 2343 3254 historiam
2355 3218 2508 3252 tamen
2525 3208 2773 3267 pertinent.

2105 3296 2178 3340 13.

1559 3385 1792 3430 Plutarch.
1820 3386 1931 3443 Lyc.
1978 3382 2037 3427 23
2066 3398 2075 3425 :
2109 3377 2163 3427 ‘O
2199 3378 2241 3424 δὲ
2274 3376 2506 3442 Φαληρεὺς
2535 3372 2778 3438 Δημήτριος

1493 3456 1628 3521 (φησὶ)
1653 3456 1852 3516 οὐδεμιᾶς
1877 3452 2096 3518 ἁψάμενον
2121 3452 2212 3513 (50.
2237 3451 2514 3514 Λυκοῦργον)
2540 3448 2776 3507 πολεμικῆς

1491 3527 1710 3593 πράξεως,
1751 3529 1794 3574 ἐν
1835 3525 1980 3590 εἰρήνῃ
2026 3522 2388 3580 καταστήσασθαι
2429 3520 2502 3577 τὴν
2540 3517 2771 3566 πολιτείαν.

1491 3598 1642 3649 Ἔοικε
1668 3597 1711 3646 δὲ
1739 3597 1813 3645 καὶ
1843 3601 1920 3655 τῆς
1950 3597 2256 3658 Ὀλυμπιακῆς
2284 3592 2517 3657 ἐκεχειρίας
2547 3595 2574 3647 ἡ
2610 3588 2771 3636 ἐπίνοια

1494 3672 1632 3739 πράου
1666 3671 1738 3719 καὶ
1762 3670 1867 3737 πρὸς
1890 3669 2061 3735 εἰρήνην
2087 3668 2257 3733 ἔχοντος
2285 3665 2446 3719 οἰκείως
2469 3662 2616 3728 ἀνδρὸς
2650 3653 2772 3708 εἶναι.

1491 3748 1601 3792 Haec
1621 3745 1681 3791 ad
1710 3746 1818 3789 libri
1844 3742 1953 3807 Περὶ
1972 3744 2194 3798 πολιτικῆς
2215 3742 2289 3787 vel
2307 3737 2415 3802 Περὶ
2434 3736 2573 3798 νόμων
2599 3734 2772 3779 retule-

1491 3821 1598 3865 rim.
1622 3819 1913 3864 contrariam
1937 3817 2007 3861 his
2029 3816 2310 3861 sententiam
2335 3810 2551 3873 probavit
2584 3806 2773 3865 Hippias

1492 3893 1550 3936 fr.
1578 3908 1624 3950 9,
1641 3907 1690 3950 p.
1718 3891 1796 3938 62.

1526 3970 2753 3995 —-..-..—....—.—---—-—-——--—-

1539 4097 1766 4138 Demetrius
1796 4097 2007 4136 Phalereus
2048 4097 2269 4144 Lycurgum
2308 4090 2363 4127 ait
2399 4086 2547 4126 nullam
2590 4081 2767 4121 bellicam

1487 4162 1683 4201 actionem
1699 4160 1886 4210 attigisse,
1897 4159 1964 4200 sed
1983 4158 2023 4197 in
2039 4167 2136 4207 pace
2152 4152 2430 4203 rempublicam
2446 4145 2687 4187 constituisse
2701 4154 2768 4182 an-

1487 4226 1632 4265 tumat.
1653 4228 1754 4264 Sane
1784 4223 2103 4272 Olympiacarum
2126 4217 2370 4257 induciarum
2398 4208 2630 4259 excogitatio
2653 4217 2763 4246 mau-

1488 4290 1587 4331 sueti
1611 4291 1650 4328 et
1671 4289 1778 4339 pacis
1797 4297 1988 4338 perquam
2008 4282 2171 4324 studiosi
2191 4278 2358 4319 hominis
2381 4275 2534 4314 videtur
2549 4272 2678 4313 fuisse.
